3050 5160
266 343 292 397 X

265 495 305 560 ,e
327 502 359 561 ot
381 494 452 581 tle,
483 498 518 563 In
547 497 597 562 his
624 497 721 581 igitur
742 496 881 580 quinque
906 495 996 562 libris
1025 493 1172 561 continuo
1194 493 1304 560 ordine

265 624 423 703 ponuntur
458 619 492 684 hi
519 618 634 684 libelli:
672 614 876 701 Ἑρμότιμος
905 624 936 683 et
967 613 1176 700 Προμηθεὺς
1206 614 1237 679 εἶ
1267 621 1303 680 ἐν

264 734 388 826 λόγοις,
428 741 474 805 itu
502 746 537 804 ut
565 739 598 804 in
626 738 786 824 plerisque
819 736 1013 804 Hermotimo
1040 738 1184 822 proxime
1215 743 1302 803 ante·

264 859 357 926 cedat
378 861 503 927 libellus
525 859 609 944 Περὶ
632 857 866 945 ἀστρολογίης).
917 858 1082 942 Quumque
1104 858 1200 924 eb'em
1221 858 1302 924 bler-

264 983 355 1047 eiano
390 983 454 1047 4321
485 980 552 1067 (rt)
588 978 834 1047 Sommerbrodti
868 998 945 1045 cura
982 980 1063 1045 bene
1091 986 1227 1045 tractato
1255 979 1301 1045 nti

263 1103 412 1187 licuisset,
435 1102 581 1187 equidem
603 1110 635 1168 et
656 1101 773 1167 nornis
794 1101 895 1186 copiis
917 1108 949 1167 et
959 1101 1116 1186 prioribus
1139 1101 1301 1184 ailquauto

268 1243 354 1289 eram
382 1224 572 1290 instructior.
626 1224 774 1290 Attamen
804 1223 851 1288 sic
879 1242 1004 1306 quoquc
1032 1223 1109 1287 mibi
1132 1221 1175 1288 ad
1197 1242 1300 1288 emen

262 1344 422 1412 dationem
454 1345 545 1430 quasi
581 1344 624 1410 ad
656 1364 805 1409 ancoram
840 1345 1027 1430 saepissime
1058 1342 1300 1429 coutugieudum

262 1474 337 1532 erat.
382 1467 447 1534 Sed
468 1466 537 1533 sive
558 1467 628 1551 qula
654 1473 767 1551 postea
788 1466 1015 1532 Hermotimum
1038 1472 1137 1532 totum
1159 1464 1300 1532 editurus

262 1596 310 1655 eat
338 1586 406 1655 sive
427 1607 510 1672 quae
536 1589 614 1655 vitia
641 1588 673 1653 in
708 1605 746 1652 eo
776 1586 881 1652 adhue
909 1588 1043 1655 haerere
1073 1593 1207 1673 possunt
1234 1608 1298 1653 cor-

261 1718 417 1776 recturus:
452 1710 726 1795 operaepretium
754 1708 860 1776 facore
880 1710 935 1774 rix
955 1709 1088 1794 poterit,
1117 1708 1180 1775 nisi
1202 1709 1299 1779 auum

260 1831 402 1897 codicem
432 1850 525 1915 quom
546 1850 607 1916 ego
629 1832 743 1897 frustra
764 1831 914 1914 requisivi
937 1838 969 1896 et
991 1850 1063 1895 cum
1085 1831 1218 1898 caeteris
1239 1831 1298 1896 Ior-

262 1952 344 2019 siten
366 1953 522 2038 potiorem
542 1971 697 2038 usurpare
718 1953 857 2037 licuerit,
890 1953 923 2018 iu
947 1971 1009 2035 quo
1038 1950 1148 2018 codiee
1169 1953 1298 2018 Hermo·

260 2073 355 2139 timus
376 2080 489 2158 exstat,
510 2074 699 2140 Vaticanum
720 2095 771 2140 no.
785 2076 829 2140 90
848 2074 915 2156 (Γ).
959 2073 1023 2139 Sed
1044 2074 1190 2139 Parisino
1212 2075 1296 2139 3011

261 2194 325 2281 (G),
349 2195 403 2278 qui
424 2194 456 2260 iu
478 2196 540 2260 IV⁰
560 2216 646 2262 nunc
667 2195 751 2262 soliis
774 2193 994 2261 cccxxxiv
1017 2200 1150 2279 constat,
1171 2196 1204 2259 iu
1221 2194 1298 2261 Her-

259 2317 388 2383 motimo
405 2337 484 2384 cave
501 2319 631 2384 multum
648 2318 777 2382 tribuas.
807 2317 925 2382 Fuerat
945 2317 1001 2382 ille
1012 2317 1179 2384 olirnunus
1197 2315 1298 2382 codex

258 2439 349 2522 isque
364 2438 572 2523 bombycinus
594 2439 692 2522 (saec.
714 2438 817 2522 XIII),
841 2438 933 2522 cujus
953 2458 1156 2525 magnopere
1178 2444 1298 2504 mature

259 2560 362 2625 recisa
383 2566 440 2626 cst.
484 2560 601 2625 Postea
615 2566 679 2625 tres
700 2558 785 2625 alise
800 2565 910 2644 partes
934 2560 1038 2644 (qussi
1059 2561 1135 2626 novi
1157 2558 1296 2643 oodIoes)

259 2680 388 2746 additae
410 2686 492 2766 sunt,
521 2680 656 2765 primum
679 2680 922 2746 membranacea
942 2700 1115 2765 paucorum
1142 2680 1297 2765 foliorum,

258 2809 325 2867 tum
355 2800 438 2867 duae
467 2801 663 2887 charteceae,
697 2820 829 2884 quarum
856 2801 944 2886 prior
971 2822 1052 2869 saec.
1078 2801 1165 2886 XIV,
1196 2802 1298 2867 alteru

260 2928 367 2989 autern
389 2922 544 2988 ccccxv
567 2923 688 3009 scriptu
708 2928 765 2988 est.
809 2922 1022 2989 Hermotimus
1042 2923 1088 2989 ibi
1109 2923 1297 3009 inpartibus

257 3044 374 3127 legitur
384 3043 559 3110 chartaceis
569 3043 622 3109 sol.
636 3042 822 3109 CCLVlf—
834 3042 1052 3129 CCLXVIIII,
1074 3050 1170 3129 atque
1186 3044 1297 3111 ultim
1379 3068 1383 3073 ’

258 3183 371 3229 munus
396 3165 509 3250 incipit
536 3164 589 3230 fol.
609 3162 773 3230 eeuxffl
800 3165 834 3231 iu
856 3165 1050 3231 Hermotimo
1072 3170 1092 3247 ξ
1113 3168 1171 3232 58:
1203 3162 1297 3250 οἶμαι

257 3281 355 3371 ἔγωγε
376 3285 430 3348 καὶ
453 3281 558 3349 δίκαιά
581 3283 612 3371 y'
637 3283 679 3348 ἂν
702 3283 861 3371 πάθοιμι.
899 3286 948 3353 lta
969 3292 1052 3353 totus
1074 3286 1295 3370 Hermotimum,

257 3404 291 3470 id
314 3403 398 3489 quod
421 3403 532 3472 codice
552 3405 695 3492 inspecto
718 3407 813 3473 etiarn
832 3407 867 3474 C.
885 3408 1070 3475 Bartsehius
1087 3409 1137 3473 vir
1153 3407 1295 3475 doctissi-

257 3548 327 3594 mus
344 3527 420 3593 mihi
438 3528 638 3613 renuntiavit,
660 3529 694 3593 in
712 3527 823 3594 charta
836 3528 882 3594 ibi
893 3528 1028 3615 scriptus
1044 3536 1093 3595 est
1102 3529 1295 3616 temporibus

256 3649 400 3716 diversis·
456 3649 580 3736 Nempe
607 3650 827 3734 antiquissima
855 3656 977 3716 tantum
1005 3672 1080 3736 paru
1110 3650 1229 3718 codicis
1260 3651 1294 3735 0,

256 3790 320 3853 qua
330 3770 538 3856 bombycinus
556 3777 614 3857 est,
636 3770 763 3838 laudem
784 3778 921 3839 meretur
941 3778 1038 3856 atque
1059 3772 1214 3856 ejusmodi
1236 3780 1294 3857 est,

256 3897 292 3956 ut
313 3910 384 3956 cum
406 3891 487 3958 libro
509 3892 686 3960 Gorlicensi
707 3894 764 3978 (Α)
793 3894 911 3978 ubique
933 3895 1119 3961 consentiat.
1149 3895 1295 3978 Denique

256 4011 368 4097 paucis
382 4011 535 4078 disseram
557 4010 598 4078 de
620 4022 728 4080 satura
739 4014 1013 4094 APAIIETAI,
1039 4016 1129 4101 cujus
1146 4036 1202 4084 sex
1224 4036 1294 4101 sep·
1386 4042 1395 4051 “

257 4138 321 4198 tem
350 4130 477 4199 codices
504 4134 668 4201 nominare
689 4136 781 4202 lieet:
811 4135 1037 4205 BAVGMIIU.
1091 4137 1140 4203 Ex
1162 4157 1294 4222 quorum

256 4271 386 4321 numero
408 4252 471 4319 mei
493 4260 565 4321 sunt
591 4254 665 4342 duo,
698 4256 893 4325 GorlieensIs
915 4259 982 4344 (A),
1016 4279 1109 4344 quem
1132 4278 1192 4347 ego
1222 4281 1293 4327 con·
