<?xml version="1.0" encoding="UTF-8"?>
<!DOCTYPE html PUBLIC "-//W3C//DTD XHTML 1.0 Transitional//EN"
    "http://www.w3.org/TR/xhtml1/DTD/xhtml1-transitional.dtd">
<html xmlns="http://www.w3.org/1999/xhtml" xml:lang="en" lang="en">
 <head>
  <title>
</title>
<meta http-equiv="Content-Type" content="text/html;charset=utf-8" />
  <meta name='ocr-system' content='tesseract 3.04.00' />
  <meta name='ocr-capabilities' content='ocr_page ocr_carea ocr_par ocr_line ocrx_word'/>
</head>
<body>
  <div class='ocr_page' id='page_1' title='image "./lucianussamosat00fritgoog_0306.png"; bbox 0 0 3084 5168; ppageno 0'>
   <div class='ocr_carea' id='block_1_1' title="bbox 329 364 960 445">
    <p class='ocr_par' dir='ltr' id='par_1_1' title="bbox 329 364 960 445">
     <span class='ocr_line' id='line_1_1' title="bbox 329 364 960 445; baseline -0.025 0"><span class='ocrx_word' id='word_1_1' title='bbox 329 364 402 445; x_wconf 80' lang='lat' dir='ltr'>ttt</span> <span class='ocrx_word' id='word_1_2' title='bbox 729 380 960 432; x_wconf 66' lang='lat' dir='ltr'>scrutarer</span> 
     </span>
    </p>
   </div>
   <div class='ocr_carea' id='block_1_2' title="bbox 325 549 1440 2493">
    <p class='ocr_par' dir='ltr' id='par_1_2' title="bbox 325 549 1440 2493">
     <span class='ocr_line' id='line_1_2' title="bbox 326 549 1366 642; baseline -0.005 -20"><span class='ocrx_word' id='word_1_3' title='bbox 326 556 558 642; x_wconf 71' lang='grc' dir='ltr'>δαιμονῶντας</span> <span class='ocrx_word' id='word_1_4' title='bbox 578 549 820 619; x_wconf 60' lang='lat' dir='ltr'>montuosos</span> <span class='ocrx_word' id='word_1_5' title='bbox 840 558 907 617; x_wconf 74' lang='grc' dir='ltr'>τῶν</span> <span class='ocrx_word' id='word_1_6' title='bbox 930 549 1104 635; x_wconf 74' lang='grc' dir='ltr'><strong><em>δειμάτων,</em></strong></span> <span class='ocrx_word' id='word_1_7' title='bbox 1138 552 1223 618; x_wconf 71' lang='grc' dir='ltr'><strong><em>οὕτω</em></strong></span> <span class='ocrx_word' id='word_1_8' title='bbox 1254 562 1366 638; x_wconf 75' lang='grc' dir='ltr'><strong><em>σαφῶς</em></strong></span> 
     </span>
     <span class='ocr_line' id='line_1_3' title="bbox 325 652 1363 747; baseline -0.005 -20"><span class='ocrx_word' id='word_1_9' title='bbox 325 658 495 747; x_wconf 71' lang='grc' dir='ltr'><strong><em>ἐξᾴδοντες</em></strong></span> <span class='ocrx_word' id='word_1_10' title='bbox 514 655 555 724; x_wconf 76' lang='lat' dir='ltr'>sol</span> <span class='ocrx_word' id='word_1_11' title='bbox 579 654 749 743; x_wconf 71' lang='grc' dir='ltr'><strong><em>φάσματα.</em></strong></span> <span class='ocrx_word' id='word_1_12' title='bbox 786 657 838 721; x_wconf 80' lang='grc' dir='ltr'>καὶ</span> <span class='ocrx_word' id='word_1_13' title='bbox 866 662 971 722; x_wconf 72' lang='grc' dir='ltr'><strong><em>ταῦτα</em></strong></span> <span class='ocrx_word' id='word_1_14' title='bbox 1001 654 1060 720; x_wconf 78' lang='lat' dir='ltr'>oris</span> <span class='ocrx_word' id='word_1_15' title='bbox 1089 659 1146 741; x_wconf 79' lang='grc' dir='ltr'>ἐμὲ</span> <span class='ocrx_word' id='word_1_16' title='bbox 1168 652 1227 745; x_wconf 76' lang='grc' dir='ltr'>χρὴ</span> <span class='ocrx_word' id='word_1_17' title='bbox 1249 658 1363 744; x_wconf 70' lang='grc' dir='ltr'><strong><em>λέγειν,</em></strong></span> 
     </span>
     <span class='ocr_line' id='line_1_4' title="bbox 327 757 1363 846; baseline -0.003 -17"><span class='ocrx_word' id='word_1_18' title='bbox 327 764 407 831; x_wconf 80' lang='grc' dir='ltr'><strong><em>ἀλλὰ</em></strong></span> <span class='ocrx_word' id='word_1_19' title='bbox 428 762 553 838; x_wconf 71' lang='grc' dir='ltr'><strong><em>πάντες</em></strong></span> <span class='ocrx_word' id='word_1_20' title='bbox 583 765 671 828; x_wconf 82' lang='grc' dir='ltr'><strong><em>ἴσασι</em></strong></span> <span class='ocrx_word' id='word_1_21' title='bbox 699 759 759 827; x_wconf 79' lang='grc' dir='ltr'>τόν</span> <span class='ocrx_word' id='word_1_22' title='bbox 780 759 890 846; x_wconf 71' lang='grc' dir='ltr'><strong><em>Σύρον</em></strong></span> <span class='ocrx_word' id='word_1_23' title='bbox 910 757 971 827; x_wconf 82' lang='grc' dir='ltr'>τόν</span> <span class='ocrx_word' id='word_1_24' title='bbox 992 766 1026 826; x_wconf 75' lang='grc' dir='ltr'>ἐκ</span> <span class='ocrx_word' id='word_1_25' title='bbox 1047 768 1106 844; x_wconf 79' lang='grc' dir='ltr'>τῆς</span> <span class='ocrx_word' id='word_1_26' title='bbox 1128 760 1363 845; x_wconf 74' lang='grc' dir='ltr'><strong><em>Παλαιστίνης,</em></strong></span> 
     </span>
     <span class='ocr_line' id='line_1_5' title="bbox 326 956 1366 1027; baseline -0.004 -14"><span class='ocrx_word' id='word_1_27' title='bbox 326 965 429 1023; x_wconf 86' lang='lat' dir='ltr'>omitto,</span> <span class='ocrx_word' id='word_1_28' title='bbox 450 961 521 1027; x_wconf 89' lang='lat' dir='ltr'>quod</span> <span class='ocrx_word' id='word_1_29' title='bbox 542 960 636 1010; x_wconf 82' lang='lat' dir='ltr'>Celsus</span> <span class='ocrx_word' id='word_1_30' title='bbox 655 975 698 1024; x_wconf 86' lang='lat' dir='ltr'>sp.</span> <span class='ocrx_word' id='word_1_31' title='bbox 719 958 863 1022; x_wconf 87' lang='lat' dir='ltr'>Origenem</span> <span class='ocrx_word' id='word_1_32' title='bbox 884 974 907 1005; x_wconf 86' lang='lat' dir='ltr'>c.</span> <span class='ocrx_word' id='word_1_33' title='bbox 928 956 1000 1006; x_wconf 85' lang='lat' dir='ltr'>Cels.</span> <span class='ocrx_word' id='word_1_34' title='bbox 1021 958 1032 1005; x_wconf 93' lang='lat' dir='ltr'>l</span> <span class='ocrx_word' id='word_1_35' title='bbox 1051 973 1074 1005; x_wconf 87' lang='lat' dir='ltr'>c.</span> <span class='ocrx_word' id='word_1_36' title='bbox 1093 957 1127 1007; x_wconf 80' lang='lat'>28</span> <span class='ocrx_word' id='word_1_37' title='bbox 1145 957 1190 1005; x_wconf 87' lang='lat' dir='ltr'>tiu.</span> <span class='ocrx_word' id='word_1_38' title='bbox 1210 963 1237 1006; x_wconf 90' lang='lat' dir='ltr'>et</span> <span class='ocrx_word' id='word_1_39' title='bbox 1255 958 1268 1005; x_wconf 88' lang='lat' dir='ltr'>l</span> <span class='ocrx_word' id='word_1_40' title='bbox 1287 976 1311 1006; x_wconf 85' lang='lat' dir='ltr'>r.</span> <span class='ocrx_word' id='word_1_41' title='bbox 1332 957 1366 1009; x_wconf 83' lang='lat'>38</span> 
     </span>
     <span class='ocr_line' id='line_1_6' title="bbox 327 1042 1363 1113; baseline -0.007 -14"><span class='ocrx_word' id='word_1_42' title='bbox 327 1051 395 1100; x_wconf 88' lang='lat' dir='ltr'>med.</span> <span class='ocrx_word' id='word_1_43' title='bbox 417 1051 487 1113; x_wconf 88' lang='lat' dir='ltr'>ipsos</span> <span class='ocrx_word' id='word_1_44' title='bbox 506 1047 627 1096; x_wconf 88' lang='lat' dir='ltr'>Judaeos</span> <span class='ocrx_word' id='word_1_45' title='bbox 651 1047 719 1094; x_wconf 81' lang='lat' dir='ltr'>huuc</span> <span class='ocrx_word' id='word_1_46' title='bbox 749 1044 896 1093; x_wconf 73' lang='lat' dir='ltr'>doctrinam</span> <span class='ocrx_word' id='word_1_47' title='bbox 926 1042 959 1090; x_wconf 82' lang='lat' dir='ltr'>nl)</span> <span class='ocrx_word' id='word_1_48' title='bbox 979 1044 1119 1109; x_wconf 71' lang='lat' dir='ltr'>Aegyptiis</span> <span class='ocrx_word' id='word_1_49' title='bbox 1144 1044 1282 1108; x_wconf 76' lang='lat' dir='ltr'>accepisse</span> <span class='ocrx_word' id='word_1_50' title='bbox 1303 1061 1363 1093; x_wconf 80' lang='lat' dir='ltr'>rou-</span> 
     </span>
     <span class='ocr_line' id='line_1_7' title="bbox 326 1128 1368 1194; baseline -0.008 -8"><span class='ocrx_word' id='word_1_51' title='bbox 326 1137 419 1187; x_wconf 82' lang='lat' dir='ltr'>tendit.</span> <span class='ocrx_word' id='word_1_52' title='bbox 447 1136 496 1184; x_wconf 88' lang='lat' dir='ltr'>sed</span> <span class='ocrx_word' id='word_1_53' title='bbox 513 1132 651 1183; x_wconf 84' lang='lat' dir='ltr'>Julisuum</span> <span class='ocrx_word' id='word_1_54' title='bbox 670 1132 783 1182; x_wconf 85' lang='lat' dir='ltr'>alterurn</span> <span class='ocrx_word' id='word_1_55' title='bbox 803 1132 830 1179; x_wconf 91' lang='lat' dir='ltr'>iu</span> <span class='ocrx_word' id='word_1_56' title='bbox 848 1128 1029 1192; x_wconf 87' lang='lat' dir='ltr'>Philopseuds</span> <span class='ocrx_word' id='word_1_57' title='bbox 1057 1130 1155 1192; x_wconf 85' lang='lat' dir='ltr'>passim</span> <span class='ocrx_word' id='word_1_58' title='bbox 1180 1129 1261 1178; x_wconf 79' lang='lat' dir='ltr'><strong>rideri</strong></span> <span class='ocrx_word' id='word_1_59' title='bbox 1286 1144 1368 1194; x_wconf 77' lang='lat' dir='ltr'>supra</span> 
     </span>
     <span class='ocr_line' id='line_1_8' title="bbox 326 1216 1368 1279; baseline -0.009 -6"><span class='ocrx_word' id='word_1_60' title='bbox 326 1222 360 1273; x_wconf 80' lang='lat' dir='ltr'>ud</span> <span class='ocrx_word' id='word_1_61' title='bbox 379 1240 403 1272; x_wconf 83' lang='lat' dir='ltr'>c.</span> <span class='ocrx_word' id='word_1_62' title='bbox 426 1221 456 1273; x_wconf 73' lang='lat'>12</span> <span class='ocrx_word' id='word_1_63' title='bbox 480 1221 603 1270; x_wconf 76' lang='lat' dir='ltr'>diximus.</span> <span class='ocrx_word' id='word_1_64' title='bbox 638 1220 690 1268; x_wconf 89' lang='lat' dir='ltr'>hoc</span> <span class='ocrx_word' id='word_1_65' title='bbox 716 1226 805 1267; x_wconf 84' lang='lat' dir='ltr'>nutem</span> <span class='ocrx_word' id='word_1_66' title='bbox 829 1216 890 1266; x_wconf 89' lang='lat' dir='ltr'>loco</span> <span class='ocrx_word' id='word_1_67' title='bbox 912 1216 1039 1264; x_wconf 76' lang='lat' dir='ltr'><strong>Julianus</strong></span> <span class='ocrx_word' id='word_1_68' title='bbox 1064 1220 1140 1277; x_wconf 70' lang='lat' dir='ltr'>prater</span> <span class='ocrx_word' id='word_1_69' title='bbox 1156 1231 1257 1279; x_wconf 74' lang='lat' dir='ltr'>magus</span> <span class='ocrx_word' id='word_1_70' title='bbox 1286 1218 1368 1266; x_wconf 84' lang='lat' dir='ltr'>rideri</span> 
     </span>
     <span class='ocr_line' id='line_1_9' title="bbox 326 1294 1367 1371; baseline -0.007 -14"><span class='ocrx_word' id='word_1_71' title='bbox 326 1310 441 1365; x_wconf 80' lang='lat' dir='ltr'>videtur,</span> <span class='ocrx_word' id='word_1_72' title='bbox 461 1309 494 1357; x_wconf 87' lang='lat' dir='ltr'>de</span> <span class='ocrx_word' id='word_1_73' title='bbox 513 1320 567 1371; x_wconf 84' lang='lat' dir='ltr'>quo</span> <span class='ocrx_word' id='word_1_74' title='bbox 587 1306 685 1355; x_wconf 78' lang='lat' dir='ltr'>Suidas</span> <span class='ocrx_word' id='word_1_75' title='bbox 704 1323 725 1354; x_wconf 92' lang='lat' dir='ltr'>s.</span> <span class='ocrx_word' id='word_1_76' title='bbox 746 1320 770 1352; x_wconf 87' lang='lat' dir='ltr'>v.</span> <span class='ocrx_word' id='word_1_77' title='bbox 797 1296 948 1355; x_wconf 72' lang='grc' dir='ltr'><strong><em>Ἰουλιανὸς</em></strong></span> <span class='ocrx_word' id='word_1_78' title='bbox 965 1296 980 1349; x_wconf 85' lang='grc' dir='ltr'><strong><em>ό</em></strong></span> <span class='ocrx_word' id='word_1_79' title='bbox 1000 1294 1143 1353; x_wconf 80' lang='grc' dir='ltr'><strong><em>Χαλδαῖοι</em></strong></span> <span class='ocrx_word' id='word_1_80' title='bbox 1167 1302 1234 1351; x_wconf 88' lang='lat' dir='ltr'>haec</span> <span class='ocrx_word' id='word_1_81' title='bbox 1260 1318 1367 1368; x_wconf 84' lang='lat' dir='ltr'>quoquo</span> 
     </span>
     <span class='ocr_line' id='line_1_10' title="bbox 328 1382 1367 1455; baseline -0.007 -11"><span class='ocrx_word' id='word_1_82' title='bbox 328 1396 440 1447; x_wconf 82' lang='lat' dir='ltr'>tradidit</span> <span class='ocrx_word' id='word_1_83' title='bbox 457 1411 510 1445; x_wconf 86' lang='lat' dir='ltr'>nou</span> <span class='ocrx_word' id='word_1_84' title='bbox 530 1409 593 1444; x_wconf 83' lang='lat' dir='ltr'>cara</span> <span class='ocrx_word' id='word_1_85' title='bbox 611 1408 678 1442; x_wconf 84' lang='lat' dir='ltr'>suro</span> <span class='ocrx_word' id='word_1_86' title='bbox 698 1396 804 1440; x_wconf 77' lang='lat' dir='ltr'>contre:</span> <span class='ocrx_word' id='word_1_87' title='bbox 824 1386 929 1455; x_wconf 69' lang='grc' dir='ltr'><strong><em>ἔγραψε</em></strong></span> <span class='ocrx_word' id='word_1_88' title='bbox 952 1392 1034 1454; x_wconf 72' lang='lat' dir='ltr'>usqi</span> <span class='ocrx_word' id='word_1_89' title='bbox 1065 1382 1249 1452; x_wconf 80' lang='grc' dir='ltr'><strong><em>δαιμόνων</em></strong></span> <span class='ocrx_word' id='word_1_90' title='bbox 1272 1382 1367 1455; x_wconf 81' lang='grc' dir='ltr'><strong><em>βιβλία</em></strong></span> 
     </span>
     <span class='ocr_line' id='line_1_11' title="bbox 328 1474 1440 1545; baseline -0.005 -15"><span class='ocrx_word' id='word_1_91' title='bbox 328 1474 361 1530; x_wconf 78' lang='grc' dir='ltr'>δ.</span> <span class='ocrx_word' id='word_1_92' title='bbox 391 1482 531 1545; x_wconf 82' lang='lat' dir='ltr'>Porphyrii</span> <span class='ocrx_word' id='word_1_93' title='bbox 551 1478 770 1529; x_wconf 82' lang='lat' dir='ltr'>commentarium</span> <span class='ocrx_word' id='word_1_94' title='bbox 790 1478 817 1525; x_wconf 92' lang='lat' dir='ltr'>iu</span> <span class='ocrx_word' id='word_1_95' title='bbox 835 1476 945 1541; x_wconf 80' lang='lat' dir='ltr'>aliquod</span> <span class='ocrx_word' id='word_1_96' title='bbox 968 1492 1035 1540; x_wconf 90' lang='lat' dir='ltr'>opus</span> <span class='ocrx_word' id='word_1_97' title='bbox 1058 1475 1138 1539; x_wconf 87' lang='lat' dir='ltr'>hujus</span> <span class='ocrx_word' id='word_1_98' title='bbox 1162 1477 1245 1539; x_wconf 83' lang='lat' dir='ltr'>ipsius</span> <span class='ocrx_word' id='word_1_99' title='bbox 1264 1476 1366 1527; x_wconf 82' lang='lat' dir='ltr'>Juliani</span> <span class='ocrx_word' id='word_1_100' title='bbox 1433 1502 1440 1511; x_wconf 92' lang='lat'><strong>·</strong></span> 
     </span>
     <span class='ocr_line' id='line_1_12' title="bbox 326 1556 1366 1634; baseline -0.007 -17"><span class='ocrx_word' id='word_1_101' title='bbox 326 1573 410 1634; x_wconf 83' lang='lat' dir='ltr'>putris</span> <span class='ocrx_word' id='word_1_102' title='bbox 430 1568 527 1617; x_wconf 84' lang='lat' dir='ltr'>Suidas</span> <span class='ocrx_word' id='word_1_103' title='bbox 545 1567 666 1615; x_wconf 82' lang='lat' dir='ltr'>uominut</span> <span class='ocrx_word' id='word_1_104' title='bbox 683 1581 705 1612; x_wconf 86' lang='lat' dir='ltr'>s.</span> <span class='ocrx_word' id='word_1_105' title='bbox 715 1556 881 1627; x_wconf 79' lang='grc' dir='ltr'><strong><em>Πορφόριος</em></strong></span> <span class='ocrx_word' id='word_1_106' title='bbox 898 1563 958 1611; x_wconf 91' lang='lat' dir='ltr'>loco</span> <span class='ocrx_word' id='word_1_107' title='bbox 977 1563 1081 1623; x_wconf 76' lang='lat' dir='ltr'>mutilo,</span> <span class='ocrx_word' id='word_1_108' title='bbox 1100 1578 1177 1626; x_wconf 76' lang='lat' dir='ltr'>sptem</span> <span class='ocrx_word' id='word_1_109' title='bbox 1198 1564 1234 1611; x_wconf 87' lang='lat' dir='ltr'>itn</span> <span class='ocrx_word' id='word_1_110' title='bbox 1254 1564 1366 1628; x_wconf 80' lang='lat' dir='ltr'>expleo:</span> 
     </span>
     <span class='ocr_line' id='line_1_13' title="bbox 327 1641 1368 1718; baseline -0.008 -13"><span class='ocrx_word' id='word_1_111' title='bbox 327 1647 377 1708; x_wconf 74' lang='grc' dir='ltr'>Εἷς</span> <span class='ocrx_word' id='word_1_112' title='bbox 393 1646 612 1718; x_wconf 77' lang='grc' dir='ltr'><strong><em>τὴνἸοαλιανοῦ</em></strong></span> <span class='ocrx_word' id='word_1_113' title='bbox 629 1648 680 1699; x_wconf 78' lang='grc' dir='ltr'>τοῦ</span> <span class='ocrx_word' id='word_1_114' title='bbox 699 1642 843 1698; x_wconf 76' lang='grc' dir='ltr'><strong><em>Χαλδαίου</em></strong></span> <span class='ocrx_word' id='word_1_115' title='bbox 869 1642 1018 1715; x_wconf 77' lang='grc' dir='ltr'><strong><em>[όγοιγήν.]</em></strong></span> <span class='ocrx_word' id='word_1_116' title='bbox 1057 1641 1219 1711; x_wconf 73' lang='grc' dir='ltr'><strong><em>Φιλόσοφον</em></strong></span> <span class='ocrx_word' id='word_1_117' title='bbox 1243 1641 1368 1715; x_wconf 73' lang='grc' dir='ltr'><strong><em>ἱστορίαν</em></strong></span> 
     </span>
     <span class='ocr_line' id='line_1_14' title="bbox 327 1733 1366 1806; baseline -0.007 -16"><span class='ocrx_word' id='word_1_118' title='bbox 327 1738 357 1792; x_wconf 80' lang='grc' dir='ltr'>ἓν</span> <span class='ocrx_word' id='word_1_119' title='bbox 374 1734 493 1806; x_wconf 73' lang='grc' dir='ltr'><strong><em>βιβλίοις</em></strong></span> <span class='ocrx_word' id='word_1_120' title='bbox 511 1733 544 1796; x_wconf 76' lang='grc' dir='ltr'>δ,</span> <span class='ocrx_word' id='word_1_121' title='bbox 565 1747 594 1788; x_wconf 89' lang='lat' dir='ltr'>ut</span> <span class='ocrx_word' id='word_1_122' title='bbox 613 1733 721 1804; x_wconf 75' lang='grc' dir='ltr'><strong><em>ἀγωγὴν</em></strong></span> <span class='ocrx_word' id='word_1_123' title='bbox 740 1734 907 1799; x_wconf 78' lang='lat' dir='ltr'>disciplinam</span> <span class='ocrx_word' id='word_1_124' title='bbox 928 1735 1024 1784; x_wconf 77' lang='lat' dir='ltr'>dixerit</span> <span class='ocrx_word' id='word_1_125' title='bbox 1042 1735 1217 1800; x_wconf 72' lang='lat' dir='ltr'>theurgicam.</span> <span class='ocrx_word' id='word_1_126' title='bbox 1250 1736 1366 1800; x_wconf 84' lang='lat' dir='ltr'>denique</span> 
     </span>
     <span class='ocr_line' id='line_1_15' title="bbox 327 1820 1366 1892; baseline -0.006 -15"><span class='ocrx_word' id='word_1_127' title='bbox 327 1844 371 1892; x_wconf 85' lang='lat' dir='ltr'>ap.</span> <span class='ocrx_word' id='word_1_128' title='bbox 391 1828 532 1891; x_wconf 78' lang='lat' dir='ltr'>Augustis.</span> <span class='ocrx_word' id='word_1_129' title='bbox 552 1826 593 1874; x_wconf 87' lang='lat' dir='ltr'>De</span> <span class='ocrx_word' id='word_1_130' title='bbox 613 1824 671 1873; x_wconf 77' lang='lat' dir='ltr'>civ.</span> <span class='ocrx_word' id='word_1_131' title='bbox 692 1824 769 1883; x_wconf 82' lang='lat' dir='ltr'>D.X‚</span> <span class='ocrx_word' id='word_1_132' title='bbox 789 1823 804 1873; x_wconf 82' lang='grc'>9</span> <span class='ocrx_word' id='word_1_133' title='bbox 824 1822 988 1887; x_wconf 83' lang='lat' dir='ltr'>Porphyrius</span> <span class='ocrx_word' id='word_1_134' title='bbox 1007 1822 1095 1871; x_wconf 88' lang='lat' dir='ltr'>locum</span> <span class='ocrx_word' id='word_1_135' title='bbox 1110 1820 1366 1883; x_wconf 80' lang='lat' dir='ltr'>affert„Chsldeei“</span> 
     </span>
     <span class='ocr_line' id='line_1_16' title="bbox 327 1894 1366 1972; baseline -0.006 -9"><span class='ocrx_word' id='word_1_136' title='bbox 327 1914 353 1964; x_wconf 80' lang='lat' dir='ltr'>h,</span> <span class='ocrx_word' id='word_1_137' title='bbox 374 1930 398 1962; x_wconf 86' lang='lat' dir='ltr'>e.</span> <span class='ocrx_word' id='word_1_138' title='bbox 417 1918 447 1961; x_wconf 88' lang='lat' dir='ltr'>ut</span> <span class='ocrx_word' id='word_1_139' title='bbox 466 1894 714 1971; x_wconf 83' lang='lat' dir='ltr'>recleHolstenius,</span> <span class='ocrx_word' id='word_1_140' title='bbox 732 1909 835 1959; x_wconf 78' lang='lat' dir='ltr'>Juiisui</span> <span class='ocrx_word' id='word_1_141' title='bbox 855 1908 967 1972; x_wconf 84' lang='lat' dir='ltr'>ejusque</span> <span class='ocrx_word' id='word_1_142' title='bbox 986 1909 1080 1971; x_wconf 85' lang='lat' dir='ltr'>patris,</span> <span class='ocrx_word' id='word_1_143' title='bbox 1101 1926 1133 1957; x_wconf 82' lang='lat' dir='ltr'>ac</span> <span class='ocrx_word' id='word_1_144' title='bbox 1151 1912 1278 1972; x_wconf 86' lang='lat' dir='ltr'>potestis</span> <span class='ocrx_word' id='word_1_145' title='bbox 1297 1910 1366 1959; x_wconf 84' lang='lat' dir='ltr'>Juli-</span> 
     </span>
     <span class='ocr_line' id='line_1_17' title="bbox 328 1987 1367 2063; baseline -0.008 -14"><span class='ocrx_word' id='word_1_146' title='bbox 328 2005 372 2050; x_wconf 88' lang='lat' dir='ltr'>aui</span> <span class='ocrx_word' id='word_1_147' title='bbox 393 2000 477 2059; x_wconf 82' lang='lat' dir='ltr'>locus,</span> <span class='ocrx_word' id='word_1_148' title='bbox 498 2000 542 2063; x_wconf 88' lang='lat' dir='ltr'>qui</span> <span class='ocrx_word' id='word_1_149' title='bbox 563 2014 605 2061; x_wconf 81' lang='lat' dir='ltr'>up.</span> <span class='ocrx_word' id='word_1_150' title='bbox 624 1998 803 2061; x_wconf 78' lang='lat' dir='ltr'>Augustinum</span> <span class='ocrx_word' id='word_1_151' title='bbox 823 2002 880 2057; x_wconf 89' lang='lat' dir='ltr'>cst,</span> <span class='ocrx_word' id='word_1_152' title='bbox 904 2014 935 2045; x_wconf 86' lang='lat' dir='ltr'>ex</span> <span class='ocrx_word' id='word_1_153' title='bbox 962 1996 1007 2045; x_wconf 91' lang='lat' dir='ltr'>illo</span> <span class='ocrx_word' id='word_1_154' title='bbox 1031 1998 1088 2059; x_wconf 77' lang='lat' dir='ltr'>ipso</span> <span class='ocrx_word' id='word_1_155' title='bbox 1114 2012 1195 2059; x_wconf 81' lang='lat' dir='ltr'>opero</span> <span class='ocrx_word' id='word_1_156' title='bbox 1214 1994 1286 2059; x_wconf 69' lang='grc' dir='ltr'>Περὶ</span> <span class='ocrx_word' id='word_1_157' title='bbox 1306 1987 1367 2042; x_wconf 87' lang='grc' dir='ltr'><strong><em>δαι-</em></strong></span> 
     </span>
     <span class='ocr_line' id='line_1_18' title="bbox 327 2082 1366 2150; baseline -0.004 -16"><span class='ocrx_word' id='word_1_158' title='bbox 327 2082 422 2150; x_wconf 84' lang='grc' dir='ltr'><strong><em>μόνων</em></strong></span> <span class='ocrx_word' id='word_1_159' title='bbox 440 2092 542 2134; x_wconf 87' lang='lat' dir='ltr'>sumtus</span> <span class='ocrx_word' id='word_1_160' title='bbox 561 2085 654 2133; x_wconf 87' lang='lat' dir='ltr'>videri.</span> <span class='ocrx_word' id='word_1_161' title='bbox 688 2085 749 2132; x_wconf 83' lang='lat' dir='ltr'>hinc</span> <span class='ocrx_word' id='word_1_162' title='bbox 777 2100 841 2132; x_wconf 85' lang='lat' dir='ltr'>rere</span> <span class='ocrx_word' id='word_1_163' title='bbox 867 2084 946 2132; x_wconf 83' lang='lat' dir='ltr'>etium</span> <span class='ocrx_word' id='word_1_164' title='bbox 973 2082 1135 2131; x_wconf 72' lang='lat' dir='ltr'>Philostrato</span> <span class='ocrx_word' id='word_1_165' title='bbox 1160 2087 1202 2129; x_wconf 82' lang='lat' dir='ltr'>sut</span> <span class='ocrx_word' id='word_1_166' title='bbox 1224 2088 1298 2130; x_wconf 77' lang='lat' dir='ltr'>certa</span> <span class='ocrx_word' id='word_1_167' title='bbox 1322 2082 1366 2130; x_wconf 78' lang='lat' dir='ltr'>lux</span> 
     </span>
     <span class='ocr_line' id='line_1_19' title="bbox 329 2168 1367 2236; baseline -0.005 -14"><span class='ocrx_word' id='word_1_168' title='bbox 329 2173 449 2235; x_wconf 76' lang='lat' dir='ltr'>affulget.</span> <span class='ocrx_word' id='word_1_169' title='bbox 477 2188 537 2220; x_wconf 90' lang='lat' dir='ltr'>nam</span> <span class='ocrx_word' id='word_1_170' title='bbox 564 2173 590 2219; x_wconf 90' lang='lat' dir='ltr'>iu</span> <span class='ocrx_word' id='word_1_171' title='bbox 610 2172 672 2236; x_wconf 72' lang='lat' dir='ltr'>Vjts</span> <span class='ocrx_word' id='word_1_172' title='bbox 696 2170 821 2233; x_wconf 72' lang='lat' dir='ltr'>Apellen.</span> <span class='ocrx_word' id='word_1_173' title='bbox 850 2171 902 2229; x_wconf 87' lang='lat'>111,</span> <span class='ocrx_word' id='word_1_174' title='bbox 922 2170 970 2229; x_wconf 81' lang='lat'>38,</span> <span class='ocrx_word' id='word_1_175' title='bbox 996 2169 1030 2217; x_wconf 92' lang='lat' dir='ltr'>ib.</span> <span class='ocrx_word' id='word_1_176' title='bbox 1051 2170 1100 2223; x_wconf 86' lang='lat' dir='ltr'>tv,</span> <span class='ocrx_word' id='word_1_177' title='bbox 1126 2168 1174 2221; x_wconf 81' lang='lat'>20.</span> <span class='ocrx_word' id='word_1_178' title='bbox 1199 2168 1234 2217; x_wconf 89' lang='lat' dir='ltr'>ib.</span> <span class='ocrx_word' id='word_1_179' title='bbox 1263 2168 1314 2229; x_wconf 83' lang='lat' dir='ltr'>lv,</span> <span class='ocrx_word' id='word_1_180' title='bbox 1333 2170 1367 2217; x_wconf 72' lang='lat'>25</span> 
     </span>
     <span class='ocr_line' id='line_1_20' title="bbox 328 2255 1367 2324; baseline -0.005 -15"><span class='ocrx_word' id='word_1_181' title='bbox 328 2259 487 2324; x_wconf 85' lang='lat' dir='ltr'>Apollonius</span> <span class='ocrx_word' id='word_1_182' title='bbox 513 2258 664 2321; x_wconf 76' lang='lat' dir='ltr'>&#39;tyanensis</span> <span class='ocrx_word' id='word_1_183' title='bbox 692 2257 772 2305; x_wconf 83' lang='lat' dir='ltr'>etism</span> <span class='ocrx_word' id='word_1_184' title='bbox 800 2256 991 2305; x_wconf 80' lang='lat' dir='ltr'>daemoniacos</span> <span class='ocrx_word' id='word_1_185' title='bbox 1019 2271 1130 2304; x_wconf 82' lang='lat' dir='ltr'>sanasse</span> <span class='ocrx_word' id='word_1_186' title='bbox 1153 2255 1258 2304; x_wconf 89' lang='lat' dir='ltr'>dicitur.</span> <span class='ocrx_word' id='word_1_187' title='bbox 1300 2271 1367 2319; x_wconf 86' lang='lat' dir='ltr'>quas</span> 
     </span>
     <span class='ocr_line' id='line_1_21' title="bbox 329 2340 1367 2403; baseline -0.006 -7"><span class='ocrx_word' id='word_1_188' title='bbox 329 2346 374 2396; x_wconf 88' lang='lat' dir='ltr'>alii</span> <span class='ocrx_word' id='word_1_189' title='bbox 393 2362 480 2395; x_wconf 86' lang='lat' dir='ltr'>rueras</span> <span class='ocrx_word' id='word_1_190' title='bbox 500 2362 558 2394; x_wconf 88' lang='lat' dir='ltr'>esse</span> <span class='ocrx_word' id='word_1_191' title='bbox 583 2344 689 2394; x_wconf 78' lang='lat' dir='ltr'>fabulas</span> <span class='ocrx_word' id='word_1_192' title='bbox 713 2349 827 2392; x_wconf 86' lang='lat' dir='ltr'>censent</span> <span class='ocrx_word' id='word_1_193' title='bbox 852 2344 922 2391; x_wconf 89' lang='lat' dir='ltr'>iuter</span> <span class='ocrx_word' id='word_1_194' title='bbox 949 2342 1109 2391; x_wconf 78' lang='lat' dir='ltr'>christianos</span> <span class='ocrx_word' id='word_1_195' title='bbox 1133 2340 1250 2403; x_wconf 79' lang='lat' dir='ltr'>jaetstss</span> <span class='ocrx_word' id='word_1_196' title='bbox 1278 2348 1305 2390; x_wconf 89' lang='lat' dir='ltr'>et</span> <span class='ocrx_word' id='word_1_197' title='bbox 1332 2341 1367 2391; x_wconf 82' lang='lat' dir='ltr'>sb</span> 
     </span>
     <span class='ocr_line' id='line_1_22' title="bbox 328 2428 1367 2493; baseline -0.007 -11"><span class='ocrx_word' id='word_1_198' title='bbox 328 2435 397 2482; x_wconf 84' lang='lat' dir='ltr'>veris</span> <span class='ocrx_word' id='word_1_199' title='bbox 417 2433 568 2481; x_wconf 83' lang='lat' dir='ltr'>Servaturis</span> <span class='ocrx_word' id='word_1_200' title='bbox 587 2430 721 2480; x_wconf 76' lang='lat' dir='ltr'>miraculis</span> <span class='ocrx_word' id='word_1_201' title='bbox 739 2430 774 2480; x_wconf 81' lang='lat' dir='ltr'>sd</span> <span class='ocrx_word' id='word_1_202' title='bbox 783 2428 954 2493; x_wconf 81' lang='lat' dir='ltr'>Apollonium</span> <span class='ocrx_word' id='word_1_203' title='bbox 973 2434 1074 2477; x_wconf 84' lang='lat' dir='ltr'>temere</span> <span class='ocrx_word' id='word_1_204' title='bbox 1093 2428 1250 2486; x_wconf 81' lang='lat' dir='ltr'>translatus,</span> <span class='ocrx_word' id='word_1_205' title='bbox 1271 2428 1367 2491; x_wconf 83' lang='lat' dir='ltr'>quibus</span> 
     </span>
    </p>
   </div>
   <div class='ocr_carea' id='block_1_3' title="bbox 233 2514 1366 2580">
    <p class='ocr_par' dir='ltr' id='par_1_3' title="bbox 233 2514 1366 2580">
     <span class='ocr_line' id='line_1_23' title="bbox 233 2514 1366 2580; baseline -0.002 -15"><span class='ocrx_word' id='word_1_206' title='bbox 233 2550 237 2565; x_wconf 84' lang='grc'><strong>,</strong></span> <span class='ocrx_word' id='word_1_207' title='bbox 328 2520 392 2568; x_wconf 85' lang='lat' dir='ltr'>viris</span> <span class='ocrx_word' id='word_1_208' title='bbox 410 2519 515 2580; x_wconf 80' lang='lat' dir='ltr'>Kayser</span> <span class='ocrx_word' id='word_1_209' title='bbox 533 2516 567 2565; x_wconf 80' lang='lat' dir='ltr'>sd</span> <span class='ocrx_word' id='word_1_210' title='bbox 586 2516 711 2566; x_wconf 83' lang='lat' dir='ltr'>Philostr.</span> <span class='ocrx_word' id='word_1_211' title='bbox 735 2517 858 2565; x_wconf 85' lang='lat' dir='ltr'>Prooem.</span> <span class='ocrx_word' id='word_1_212' title='bbox 884 2532 910 2580; x_wconf 89' lang='lat' dir='ltr'>p.</span> <span class='ocrx_word' id='word_1_213' title='bbox 929 2516 966 2564; x_wconf 82' lang='lat' dir='ltr'>lv</span> <span class='ocrx_word' id='word_1_214' title='bbox 991 2515 1121 2565; x_wconf 72' lang='lat' dir='ltr'>adsensus</span> <span class='ocrx_word' id='word_1_215' title='bbox 1146 2521 1198 2563; x_wconf 85' lang='lat' dir='ltr'>est:</span> <span class='ocrx_word' id='word_1_216' title='bbox 1226 2514 1271 2564; x_wconf 79' lang='lat' dir='ltr'>alii</span> <span class='ocrx_word' id='word_1_217' title='bbox 1294 2516 1366 2579; x_wconf 86' lang='lat' dir='ltr'>iique</span> 
     </span>
    </p>
   </div>
   <div class='ocr_carea' id='block_1_4' title="bbox 323 2601 1367 3880">
    <p class='ocr_par' dir='ltr' id='par_1_4' title="bbox 323 2601 1367 3534">
     <span class='ocr_line' id='line_1_24' title="bbox 327 2601 1366 2666; baseline -0.004 -12"><span class='ocrx_word' id='word_1_218' title='bbox 327 2610 358 2654; x_wconf 90' lang='lat' dir='ltr'>ut</span> <span class='ocrx_word' id='word_1_219' title='bbox 385 2604 449 2652; x_wconf 88' lang='lat' dir='ltr'>mihi</span> <span class='ocrx_word' id='word_1_220' title='bbox 475 2602 600 2652; x_wconf 86' lang='lat' dir='ltr'>videntur</span> <span class='ocrx_word' id='word_1_221' title='bbox 625 2601 811 2666; x_wconf 79' lang='lat' dir='ltr'>diligentiores</span> <span class='ocrx_word' id='word_1_222' title='bbox 834 2602 1041 2661; x_wconf 70' lang='lat' dir='ltr'>philostratum,</span> <span class='ocrx_word' id='word_1_223' title='bbox 1067 2617 1147 2665; x_wconf 87' lang='lat' dir='ltr'>quum</span> <span class='ocrx_word' id='word_1_224' title='bbox 1172 2601 1205 2650; x_wconf 90' lang='lat' dir='ltr'>de</span> <span class='ocrx_word' id='word_1_225' title='bbox 1223 2601 1366 2664; x_wconf 82' lang='lat' dir='ltr'>Apollonio</span> 
     </span>
     <span class='ocr_line' id='line_1_25' title="bbox 323 2688 1365 2754; baseline -0.002 -15"><span class='ocrx_word' id='word_1_226' title='bbox 323 2690 432 2754; x_wconf 63' lang='lat' dir='ltr'>egeret,</span> <span class='ocrx_word' id='word_1_227' title='bbox 451 2689 484 2739; x_wconf 86' lang='lat' dir='ltr'>de</span> <span class='ocrx_word' id='word_1_228' title='bbox 503 2689 571 2739; x_wconf 82' lang='lat' dir='ltr'>Jesu</span> <span class='ocrx_word' id='word_1_229' title='bbox 589 2691 724 2754; x_wconf 74' lang='lat' dir='ltr'>cogitasse</span> <span class='ocrx_word' id='word_1_230' title='bbox 744 2690 823 2753; x_wconf 85' lang='lat' dir='ltr'>plane</span> <span class='ocrx_word' id='word_1_231' title='bbox 842 2696 984 2754; x_wconf 80' lang='lat' dir='ltr'>negarunt.</span> <span class='ocrx_word' id='word_1_232' title='bbox 1013 2705 1094 2753; x_wconf 90' lang='lat' dir='ltr'>quum</span> <span class='ocrx_word' id='word_1_233' title='bbox 1114 2690 1184 2737; x_wconf 81' lang='lat' dir='ltr'>enirn</span> <span class='ocrx_word' id='word_1_234' title='bbox 1203 2688 1365 2753; x_wconf 79' lang='lat' dir='ltr'>lricApollo-</span> 
     </span>
     <span class='ocr_line' id='line_1_26' title="bbox 328 2774 1366 2841; baseline -0.001 -15"><span class='ocrx_word' id='word_1_235' title='bbox 328 2778 389 2826; x_wconf 89' lang='lat' dir='ltr'>nius</span> <span class='ocrx_word' id='word_1_236' title='bbox 407 2774 502 2841; x_wconf 77' lang='lat' dir='ltr'>magus</span> <span class='ocrx_word' id='word_1_237' title='bbox 520 2776 609 2837; x_wconf 83' lang='lat' dir='ltr'>fuerit,</span> <span class='ocrx_word' id='word_1_238' title='bbox 626 2792 706 2826; x_wconf 85' lang='lat' dir='ltr'>neruo</span> <span class='ocrx_word' id='word_1_239' title='bbox 716 2778 827 2825; x_wconf 86' lang='lat' dir='ltr'>miretur</span> <span class='ocrx_word' id='word_1_240' title='bbox 835 2776 1007 2841; x_wconf 72' lang='lat' dir='ltr'>Apollonium</span> <span class='ocrx_word' id='word_1_241' title='bbox 1024 2777 1096 2840; x_wconf 84' lang='lat' dir='ltr'>magi</span> <span class='ocrx_word' id='word_1_242' title='bbox 1115 2777 1213 2840; x_wconf 83' lang='lat' dir='ltr'>pagani</span> <span class='ocrx_word' id='word_1_243' title='bbox 1224 2791 1366 2839; x_wconf 80' lang='lat' dir='ltr'>personam</span> 
     </span>
     <span class='ocr_line' id='line_1_27' title="bbox 328 2860 1367 2927; baseline -0.002 -14"><span class='ocrx_word' id='word_1_244' title='bbox 328 2865 417 2927; x_wconf 85' lang='lat' dir='ltr'>egisse</span> <span class='ocrx_word' id='word_1_245' title='bbox 436 2870 464 2913; x_wconf 87' lang='lat' dir='ltr'>et</span> <span class='ocrx_word' id='word_1_246' title='bbox 482 2864 627 2913; x_wconf 85' lang='lat' dir='ltr'>daemones</span> <span class='ocrx_word' id='word_1_247' title='bbox 646 2878 754 2927; x_wconf 89' lang='lat' dir='ltr'>quoque</span> <span class='ocrx_word' id='word_1_248' title='bbox 774 2862 917 2927; x_wconf 80' lang='lat' dir='ltr'>expulisse.</span> <span class='ocrx_word' id='word_1_249' title='bbox 949 2862 1046 2912; x_wconf 79' lang='lat' dir='ltr'>addam</span> <span class='ocrx_word' id='word_1_250' title='bbox 1064 2861 1162 2921; x_wconf 85' lang='lat' dir='ltr'>alium,</span> <span class='ocrx_word' id='word_1_251' title='bbox 1187 2860 1264 2925; x_wconf 88' lang='lat' dir='ltr'>cujus</span> <span class='ocrx_word' id='word_1_252' title='bbox 1283 2878 1367 2925; x_wconf 87' lang='lat' dir='ltr'>opers</span> 
     </span>
     <span class='ocr_line' id='line_1_28' title="bbox 328 2949 1365 3016; baseline -0.004 -15"><span class='ocrx_word' id='word_1_253' title='bbox 328 2953 475 3016; x_wconf 82' lang='lat' dir='ltr'>perierunt,</span> <span class='ocrx_word' id='word_1_254' title='bbox 494 2950 611 3011; x_wconf 81' lang='lat' dir='ltr'>Celsum,</span> <span class='ocrx_word' id='word_1_255' title='bbox 631 2950 677 3014; x_wconf 88' lang='lat' dir='ltr'>qui</span> <span class='ocrx_word' id='word_1_256' title='bbox 696 2955 791 2999; x_wconf 79' lang='lat' dir='ltr'>eontra</span> <span class='ocrx_word' id='word_1_257' title='bbox 816 2965 909 3014; x_wconf 86' lang='lat' dir='ltr'>magos</span> <span class='ocrx_word' id='word_1_258' title='bbox 929 2952 1038 3015; x_wconf 79' lang='lat' dir='ltr'>egregie</span> <span class='ocrx_word' id='word_1_259' title='bbox 1066 2950 1111 3009; x_wconf 87' lang='lat' dir='ltr'>(ut</span> <span class='ocrx_word' id='word_1_260' title='bbox 1133 2954 1224 2999; x_wconf 70' lang='lat' dir='ltr'>nosue</span> <span class='ocrx_word' id='word_1_261' title='bbox 1244 2950 1270 2998; x_wconf 87' lang='lat' dir='ltr'>in</span> <span class='ocrx_word' id='word_1_262' title='bbox 1289 2949 1365 2999; x_wconf 74' lang='lat' dir='ltr'>Ales.</span> 
     </span>
     <span class='ocr_line' id='line_1_29' title="bbox 328 3034 1365 3100; baseline -0.003 -13"><span class='ocrx_word' id='word_1_263' title='bbox 328 3056 352 3087; x_wconf 86' lang='lat' dir='ltr'>e.</span> <span class='ocrx_word' id='word_1_264' title='bbox 372 3037 402 3089; x_wconf 76' lang='lat'>21</span> <span class='ocrx_word' id='word_1_265' title='bbox 424 3038 497 3087; x_wconf 81' lang='lat' dir='ltr'>visus</span> <span class='ocrx_word' id='word_1_266' title='bbox 516 3034 566 3095; x_wconf 84' lang='lat' dir='ltr'>est)</span> <span class='ocrx_word' id='word_1_267' title='bbox 587 3038 740 3099; x_wconf 77' lang='lat' dir='ltr'>scripserat.</span> <span class='ocrx_word' id='word_1_268' title='bbox 769 3038 812 3085; x_wconf 87' lang='lat' dir='ltr'>cui</span> <span class='ocrx_word' id='word_1_269' title='bbox 830 3038 912 3099; x_wconf 87' lang='lat' dir='ltr'>igitur</span> <span class='ocrx_word' id='word_1_270' title='bbox 930 3035 1040 3086; x_wconf 89' lang='lat' dir='ltr'>dubium</span> <span class='ocrx_word' id='word_1_271' title='bbox 1059 3037 1117 3096; x_wconf 84' lang='lat' dir='ltr'>erit,</span> <span class='ocrx_word' id='word_1_272' title='bbox 1137 3036 1209 3100; x_wconf 80' lang='lat' dir='ltr'>quin,</span> <span class='ocrx_word' id='word_1_273' title='bbox 1229 3036 1299 3085; x_wconf 81' lang='lat' dir='ltr'>siout</span> <span class='ocrx_word' id='word_1_274' title='bbox 1315 3035 1365 3085; x_wconf 85' lang='lat' dir='ltr'>Ju-</span> 
     </span>
     <span class='ocr_line' id='line_1_30' title="bbox 328 3116 1366 3186; baseline -0.001 -14"><span class='ocrx_word' id='word_1_275' title='bbox 328 3123 416 3173; x_wconf 78' lang='lat' dir='ltr'>lianus</span> <span class='ocrx_word' id='word_1_276' title='bbox 435 3117 504 3186; x_wconf 73' lang='grc' dir='ltr'><strong><em>ὑπὲρ</em></strong></span> <span class='ocrx_word' id='word_1_277' title='bbox 524 3116 668 3186; x_wconf 82' lang='grc' dir='ltr'><strong><em>δαιμόνων</em></strong></span> <span class='ocrx_word' id='word_1_278' title='bbox 685 3122 768 3172; x_wconf 87' lang='lat' dir='ltr'>mults</span> <span class='ocrx_word' id='word_1_279' title='bbox 787 3123 904 3183; x_wconf 73' lang='lat' dir='ltr'>dixerat,</span> <span class='ocrx_word' id='word_1_280' title='bbox 928 3124 966 3172; x_wconf 87' lang='lat' dir='ltr'>its</span> <span class='ocrx_word' id='word_1_281' title='bbox 985 3123 1080 3173; x_wconf 82' lang='lat' dir='ltr'>Celeus</span> <span class='ocrx_word' id='word_1_282' title='bbox 1104 3123 1131 3172; x_wconf 89' lang='lat' dir='ltr'>iu</span> <span class='ocrx_word' id='word_1_283' title='bbox 1151 3123 1191 3172; x_wconf 88' lang='lat' dir='ltr'>his</span> <span class='ocrx_word' id='word_1_284' title='bbox 1210 3123 1274 3186; x_wconf 86' lang='lat' dir='ltr'>ipsis</span> <span class='ocrx_word' id='word_1_285' title='bbox 1292 3123 1366 3171; x_wconf 91' lang='lat' dir='ltr'>libris</span> 
     </span>
     <span class='ocr_line' id='line_1_31' title="bbox 328 3201 1366 3274; baseline -0.001 -15"><span class='ocrx_word' id='word_1_286' title='bbox 328 3225 382 3259; x_wconf 87' lang='lat' dir='ltr'>non</span> <span class='ocrx_word' id='word_1_287' title='bbox 400 3225 489 3274; x_wconf 84' lang='lat' dir='ltr'>panes</span> <span class='ocrx_word' id='word_1_288' title='bbox 504 3205 577 3258; x_wconf 72' lang='grc' dir='ltr'><strong><em>κατὰ</em></strong></span> <span class='ocrx_word' id='word_1_289' title='bbox 595 3201 737 3273; x_wconf 85' lang='grc' dir='ltr'><strong><em>δαιμόνων</em></strong></span> <span class='ocrx_word' id='word_1_290' title='bbox 754 3210 910 3272; x_wconf 76' lang='lat' dir='ltr'>scripserit?</span> <span class='ocrx_word' id='word_1_291' title='bbox 938 3210 1011 3274; x_wconf 85' lang='lat' dir='ltr'>atqui</span> <span class='ocrx_word' id='word_1_292' title='bbox 1036 3208 1114 3259; x_wconf 75' lang='lat' dir='ltr'>umbo</span> <span class='ocrx_word' id='word_1_293' title='bbox 1134 3224 1254 3274; x_wconf 75' lang='lat' dir='ltr'>paganos</span> <span class='ocrx_word' id='word_1_294' title='bbox 1273 3226 1366 3273; x_wconf 81' lang='lat' dir='ltr'>magos</span> 
     </span>
     <span class='ocr_line' id='line_1_32' title="bbox 328 3295 1364 3361; baseline -0.001 -15"><span class='ocrx_word' id='word_1_295' title='bbox 328 3296 488 3346; x_wconf 84' lang='lat' dir='ltr'>daemonnm</span> <span class='ocrx_word' id='word_1_296' title='bbox 508 3297 664 3360; x_wconf 80' lang='lat' dir='ltr'>expulsores</span> <span class='ocrx_word' id='word_1_297' title='bbox 683 3295 859 3346; x_wconf 86' lang='lat' dir='ltr'>defenderant</span> <span class='ocrx_word' id='word_1_298' title='bbox 877 3297 1113 3361; x_wconf 77' lang='lat' dir='ltr'>impugnaruntve:</span> <span class='ocrx_word' id='word_1_299' title='bbox 1132 3296 1288 3346; x_wconf 82' lang='lat' dir='ltr'>deJudneis</span> <span class='ocrx_word' id='word_1_300' title='bbox 1306 3300 1364 3361; x_wconf 91' lang='lat' dir='ltr'>qui·</span> 
     </span>
     <span class='ocr_line' id='line_1_33' title="bbox 327 3369 1364 3448; baseline 0.002 -16"><span class='ocrx_word' id='word_1_301' title='bbox 327 3383 387 3432; x_wconf 86' lang='lat' dir='ltr'>dem</span> <span class='ocrx_word' id='word_1_302' title='bbox 406 3389 502 3432; x_wconf 88' lang='lat' dir='ltr'>neuter</span> <span class='ocrx_word' id='word_1_303' title='bbox 520 3399 602 3448; x_wconf 69' lang='lat' dir='ltr'>agere</span> <span class='ocrx_word' id='word_1_304' title='bbox 621 3388 754 3448; x_wconf 85' lang='lat' dir='ltr'>potuerat.</span> <span class='ocrx_word' id='word_1_305' title='bbox 826 3369 1028 3432; x_wconf 75' lang='lat' dir='ltr'>d&#39;orlsBelrlrer.</span> <span class='ocrx_word' id='word_1_306' title='bbox 1056 3375 1086 3430; x_wconf 76' lang='grc' dir='ltr'>δι’</span> <span class='ocrx_word' id='word_1_307' title='bbox 1105 3399 1129 3431; x_wconf 91' lang='lat' dir='ltr'>m</span> <span class='ocrx_word' id='word_1_308' title='bbox 1146 3398 1177 3446; x_wconf 89' lang='lat' dir='ltr'>pr</span> <span class='ocrx_word' id='word_1_309' title='bbox 1196 3392 1364 3447; x_wconf 80' lang='lat' dir='ltr'>etsupraser.</span> 
     </span>
     <span class='ocr_line' id='line_1_34' title="bbox 326 3464 1363 3534; baseline 0.003 -17"><span class='ocrx_word' id='word_1_310' title='bbox 326 3464 437 3533; x_wconf 76' lang='grc' dir='ltr'><strong><em>γοόνΜ.</em></strong></span> <span class='ocrx_word' id='word_1_311' title='bbox 466 3464 533 3533; x_wconf 72' lang='grc' dir='ltr'><strong><em>γοῦν</em></strong></span> <span class='ocrx_word' id='word_1_312' title='bbox 550 3486 575 3519; x_wconf 81' lang='lat' dir='ltr'>v.</span> <span class='ocrx_word' id='word_1_313' title='bbox 645 3465 681 3517; x_wconf 81' lang='lat' dir='ltr'>rei</span> <span class='ocrx_word' id='word_1_314' title='bbox 701 3464 843 3534; x_wconf 65' lang='lat' dir='ltr'>erinperto]</span> <span class='ocrx_word' id='word_1_315' title='bbox 864 3468 1025 3533; x_wconf 86' lang='lat' dir='ltr'>itscoujeci.</span> <span class='ocrx_word' id='word_1_316' title='bbox 1053 3469 1112 3519; x_wconf 90' lang='lat' dir='ltr'>libri</span> <span class='ocrx_word' id='word_1_317' title='bbox 1122 3464 1213 3518; x_wconf 79' lang='grc' dir='ltr'><strong><em>ααλτόι</em></strong></span> <span class='ocrx_word' id='word_1_318' title='bbox 1223 3464 1363 3533; x_wconf 77' lang='grc' dir='ltr'><strong><em>φάσματα.</em></strong></span> 
     </span>
    </p>

    <p class='ocr_par' dir='ltr' id='par_1_5' title="bbox 327 3548 1364 3880">
     <span class='ocr_line' id='line_1_35' title="bbox 378 3548 1364 3620; baseline 0.004 -17"><span class='ocrx_word' id='word_1_319' title='bbox 378 3548 480 3607; x_wconf 70' lang='grc' dir='ltr'><strong><em>πάντες</em></strong></span> <span class='ocrx_word' id='word_1_320' title='bbox 497 3572 540 3604; x_wconf 88' lang='lat' dir='ltr'>cm</span> <span class='ocrx_word' id='word_1_321' title='bbox 560 3571 584 3604; x_wconf 85' lang='lat' dir='ltr'>s.</span> <span class='ocrx_word' id='word_1_322' title='bbox 655 3551 705 3604; x_wconf 82' lang='grc' dir='ltr'>τὸν</span> <span class='ocrx_word' id='word_1_323' title='bbox 717 3550 819 3618; x_wconf 73' lang='grc' dir='ltr'><strong><em>Σύρον]</em></strong></span> <span class='ocrx_word' id='word_1_324' title='bbox 838 3556 903 3606; x_wconf 87' lang='lat' dir='ltr'>nihil</span> <span class='ocrx_word' id='word_1_325' title='bbox 922 3558 1025 3620; x_wconf 88' lang='lat' dir='ltr'>turpius</span> <span class='ocrx_word' id='word_1_326' title='bbox 1044 3562 1086 3607; x_wconf 83' lang='lat' dir='ltr'>est</span> <span class='ocrx_word' id='word_1_327' title='bbox 1104 3556 1364 3607; x_wconf 82' lang='lat' dir='ltr'>errorsseholiastse</span> 
     </span>
     <span class='ocr_line' id='line_1_36' title="bbox 328 3636 1363 3709; baseline -0.002 -16"><span class='ocrx_word' id='word_1_328' title='bbox 328 3642 362 3693; x_wconf 81' lang='lat' dir='ltr'>sd</span> <span class='ocrx_word' id='word_1_329' title='bbox 381 3641 407 3692; x_wconf 88' lang='lat' dir='ltr'>h.</span> <span class='ocrx_word' id='word_1_330' title='bbox 426 3641 444 3691; x_wconf 90' lang='lat' dir='ltr'>l.</span> <span class='ocrx_word' id='word_1_331' title='bbox 464 3636 605 3692; x_wconf 80' lang='lat' dir='ltr'>in’codice</span> <span class='ocrx_word' id='word_1_332' title='bbox 624 3641 661 3690; x_wconf 90' lang='lat' dir='ltr'>H:</span> <span class='ocrx_word' id='word_1_333' title='bbox 680 3637 731 3690; x_wconf 81' lang='grc' dir='ltr'>τόν</span> <span class='ocrx_word' id='word_1_334' title='bbox 747 3637 872 3707; x_wconf 75' lang='grc' dir='ltr'><strong><em>Χριστόν</em></strong></span> <span class='ocrx_word' id='word_1_335' title='bbox 894 3639 958 3695; x_wconf 72' lang='grc' dir='ltr'>ἴσως</span> <span class='ocrx_word' id='word_1_336' title='bbox 981 3636 1054 3709; x_wconf 74' lang='grc' dir='ltr'><strong><em>λέγει</em></strong></span> <span class='ocrx_word' id='word_1_337' title='bbox 1072 3638 1087 3691; x_wconf 89' lang='grc' dir='ltr'><strong><em>ό</em></strong></span> <span class='ocrx_word' id='word_1_338' title='bbox 1105 3637 1178 3709; x_wconf 67' lang='grc' dir='ltr'><strong><em>γόης.</em></strong></span> <span class='ocrx_word' id='word_1_339' title='bbox 1212 3644 1261 3693; x_wconf 87' lang='lat' dir='ltr'>sed</span> <span class='ocrx_word' id='word_1_340' title='bbox 1284 3644 1363 3707; x_wconf 87' lang='lat' dir='ltr'>pleri-</span> 
     </span>
     <span class='ocr_line' id='line_1_37' title="bbox 327 3727 1364 3794; baseline 0.001 -16"><span class='ocrx_word' id='word_1_341' title='bbox 327 3744 380 3793; x_wconf 88' lang='lat' dir='ltr'>que</span> <span class='ocrx_word' id='word_1_342' title='bbox 400 3730 480 3779; x_wconf 84' lang='lat' dir='ltr'>stism</span> <span class='ocrx_word' id='word_1_343' title='bbox 499 3729 545 3778; x_wconf 88' lang='lat' dir='ltr'>alii</span> <span class='ocrx_word' id='word_1_344' title='bbox 564 3727 701 3789; x_wconf 80' lang='lat' dir='ltr'>falluntur,</span> <span class='ocrx_word' id='word_1_345' title='bbox 720 3729 950 3780; x_wconf 79' lang='lat' dir='ltr'>utPalmeriusE.</span> <span class='ocrx_word' id='word_1_346' title='bbox 962 3731 992 3779; x_wconf 83' lang='lat' dir='ltr'>C.</span> <span class='ocrx_word' id='word_1_347' title='bbox 1011 3747 1037 3794; x_wconf 91' lang='lat' dir='ltr'>p.</span> <span class='ocrx_word' id='word_1_348' title='bbox 1049 3730 1108 3791; x_wconf 81' lang='lat'><strong>570,</strong></span> <span class='ocrx_word' id='word_1_349' title='bbox 1127 3731 1172 3794; x_wconf 88' lang='lat' dir='ltr'>qui</span> <span class='ocrx_word' id='word_1_350' title='bbox 1190 3730 1364 3780; x_wconf 84' lang='lat' dir='ltr'>christianum</span> 
     </span>
     <span class='ocr_line' id='line_1_38' title="bbox 328 3814 1363 3880; baseline 0.002 -16"><span class='ocrx_word' id='word_1_351' title='bbox 328 3830 360 3864; x_wconf 81' lang='lat' dir='ltr'>ex</span> <span class='ocrx_word' id='word_1_352' title='bbox 379 3815 562 3879; x_wconf 89' lang='lat' dir='ltr'>apostolorum</span> <span class='ocrx_word' id='word_1_353' title='bbox 588 3814 726 3879; x_wconf 85' lang='lat' dir='ltr'>discipulis</span> <span class='ocrx_word' id='word_1_354' title='bbox 750 3815 865 3880; x_wconf 76' lang='lat' dir='ltr'>intelligi</span> <span class='ocrx_word' id='word_1_355' title='bbox 891 3816 984 3867; x_wconf 87' lang='lat' dir='ltr'>voluit.</span> <span class='ocrx_word' id='word_1_356' title='bbox 1021 3821 1094 3865; x_wconf 90' lang='lat' dir='ltr'>recte</span> <span class='ocrx_word' id='word_1_357' title='bbox 1118 3832 1182 3867; x_wconf 80' lang='lat' dir='ltr'>vero</span> <span class='ocrx_word' id='word_1_358' title='bbox 1207 3832 1276 3867; x_wconf 84' lang='lat' dir='ltr'>unus</span> <span class='ocrx_word' id='word_1_359' title='bbox 1297 3817 1363 3866; x_wconf 87' lang='lat' dir='ltr'>Bur·</span> 
     </span>
    </p>
   </div>
   <div class='ocr_carea' id='block_1_5' title="bbox 230 3900 1364 3968">
    <p class='ocr_par' dir='ltr' id='par_1_6' title="bbox 230 3900 1364 3968">
     <span class='ocr_line' id='line_1_39' title="bbox 230 3900 1364 3968; baseline 0.004 -19"><span class='ocrx_word' id='word_1_360' title='bbox 230 3947 241 3957; x_wconf 82' lang='grc'><strong>,</strong></span> <span class='ocrx_word' id='word_1_361' title='bbox 327 3901 436 3950; x_wconf 86' lang='lat' dir='ltr'>meister</span> <span class='ocrx_word' id='word_1_362' title='bbox 454 3900 634 3962; x_wconf 83' lang='lat' dir='ltr'>(„Lucisnum</span> <span class='ocrx_word' id='word_1_363' title='bbox 658 3901 686 3952; x_wconf 93' lang='lat' dir='ltr'>ll.</span> <span class='ocrx_word' id='word_1_364' title='bbox 704 3918 740 3952; x_wconf 89' lang='lat' dir='ltr'>ss.</span> <span class='ocrx_word' id='word_1_365' title='bbox 765 3905 855 3953; x_wconf 87' lang='lat' dir='ltr'>risisse</span> <span class='ocrx_word' id='word_1_366' title='bbox 883 3901 1014 3968; x_wconf 84' lang='lat' dir='ltr'>negatur“</span> <span class='ocrx_word' id='word_1_367' title='bbox 1043 3919 1069 3966; x_wconf 92' lang='lat' dir='ltr'>p.</span> <span class='ocrx_word' id='word_1_368' title='bbox 1090 3902 1121 3961; x_wconf 84' lang='lat'>5)</span> <span class='ocrx_word' id='word_1_369' title='bbox 1144 3903 1169 3952; x_wconf 85' lang='lat' dir='ltr'>tr.</span> <span class='ocrx_word' id='word_1_370' title='bbox 1194 3904 1211 3952; x_wconf 93' lang='lat' dir='ltr'>l.</span> <span class='ocrx_word' id='word_1_371' title='bbox 1229 3903 1364 3953; x_wconf 84' lang='lat' dir='ltr'>Judaeum</span> 
     </span>
    </p>
   </div>
   <div class='ocr_carea' id='block_1_6' title="bbox 326 3986 1364 4400">
    <p class='ocr_par' dir='ltr' id='par_1_7' title="bbox 326 3986 1364 4400">
     <span class='ocr_line' id='line_1_40' title="bbox 326 3986 1363 4053; baseline 0.003 -17"><span class='ocrx_word' id='word_1_372' title='bbox 326 3986 483 4037; x_wconf 68' lang='lat' dir='ltr'>Pulsestins</span> <span class='ocrx_word' id='word_1_373' title='bbox 508 3992 607 4049; x_wconf 88' lang='lat' dir='ltr'>ortum,</span> <span class='ocrx_word' id='word_1_374' title='bbox 639 3990 872 4053; x_wconf 75' lang='lat' dir='ltr'>praestigiatorem</span> <span class='ocrx_word' id='word_1_375' title='bbox 897 3995 924 4040; x_wconf 88' lang='lat' dir='ltr'>et</span> <span class='ocrx_word' id='word_1_376' title='bbox 951 3990 1083 4039; x_wconf 86' lang='lat' dir='ltr'>medicum</span> <span class='ocrx_word' id='word_1_377' title='bbox 1113 3991 1363 4051; x_wconf 78' lang='lat' dir='ltr'>circumforaneum,</span> 
     </span>
     <span class='ocr_line' id='line_1_41' title="bbox 326 4073 1362 4142; baseline 0.004 -20"><span class='ocrx_word' id='word_1_378' title='bbox 326 4073 460 4123; x_wconf 83' lang='lat' dir='ltr'>homiuem</span> <span class='ocrx_word' id='word_1_379' title='bbox 480 4075 605 4125; x_wconf 87' lang='lat' dir='ltr'>mercede</span> <span class='ocrx_word' id='word_1_380' title='bbox 615 4075 777 4127; x_wconf 87' lang='lat' dir='ltr'>conductum</span> <span class='ocrx_word' id='word_1_381' title='bbox 789 4092 905 4141; x_wconf 86' lang='lat' dir='ltr'>eumque</span> <span class='ocrx_word' id='word_1_382' title='bbox 920 4077 1040 4126; x_wconf 82' lang='lat' dir='ltr'>Lucieno</span> <span class='ocrx_word' id='word_1_383' title='bbox 1059 4076 1199 4142; x_wconf 81' lang='lat' dir='ltr'>aequalem</span> <span class='ocrx_word' id='word_1_384' title='bbox 1210 4078 1262 4126; x_wconf 88' lang='lat' dir='ltr'>dici</span> <span class='ocrx_word' id='word_1_385' title='bbox 1272 4084 1362 4126; x_wconf 86' lang='lat' dir='ltr'>oeten-</span> 
     </span>
     <span class='ocr_line' id='line_1_42' title="bbox 327 4158 1364 4226; baseline 0.004 -18"><span class='ocrx_word' id='word_1_386' title='bbox 327 4159 374 4208; x_wconf 82' lang='lat' dir='ltr'>dit.</span> <span class='ocrx_word' id='word_1_387' title='bbox 403 4158 534 4223; x_wconf 86' lang='lat' dir='ltr'>ejusmodi</span> <span class='ocrx_word' id='word_1_388' title='bbox 556 4163 628 4212; x_wconf 82' lang='lat' dir='ltr'>viros</span> <span class='ocrx_word' id='word_1_389' title='bbox 645 4163 798 4214; x_wconf 77' lang='lat' dir='ltr'>Favorinus</span> <span class='ocrx_word' id='word_1_390' title='bbox 821 4178 865 4226; x_wconf 83' lang='lat' dir='ltr'>sp.</span> <span class='ocrx_word' id='word_1_391' title='bbox 884 4163 916 4212; x_wconf 79' lang='grc' dir='ltr'>Α.</span> <span class='ocrx_word' id='word_1_392' title='bbox 936 4163 1051 4213; x_wconf 88' lang='lat' dir='ltr'>Gellium</span> <span class='ocrx_word' id='word_1_393' title='bbox 1070 4163 1141 4223; x_wconf 83' lang='lat' dir='ltr'>XIV,</span> <span class='ocrx_word' id='word_1_394' title='bbox 1161 4163 1173 4214; x_wconf 87' lang='lat' dir='ltr'>l</span> <span class='ocrx_word' id='word_1_395' title='bbox 1194 4165 1245 4223; x_wconf 72' lang='lat'>§2</span> <span class='ocrx_word' id='word_1_396' title='bbox 1270 4170 1364 4215; x_wconf 80' lang='lat' dir='ltr'>contra</span> 
     </span>
     <span class='ocr_line' id='line_1_43' title="bbox 327 4244 1363 4313; baseline 0.006 -19"><span class='ocrx_word' id='word_1_397' title='bbox 327 4244 480 4297; x_wconf 77' lang='lat' dir='ltr'>(lhsldseos</span> <span class='ocrx_word' id='word_1_398' title='bbox 499 4247 638 4313; x_wconf 86' lang='lat' dir='ltr'>disputsns</span> <span class='ocrx_word' id='word_1_399' title='bbox 662 4249 886 4311; x_wconf 70' lang='lat' dir='ltr'>„homimem</span> <span class='ocrx_word' id='word_1_400' title='bbox 913 4249 979 4300; x_wconf 87' lang='lat' dir='ltr'>dicit</span> <span class='ocrx_word' id='word_1_401' title='bbox 1006 4255 1193 4299; x_wconf 76' lang='lat' dir='ltr'>aeruscatores</span> <span class='ocrx_word' id='word_1_402' title='bbox 1221 4256 1249 4299; x_wconf 88' lang='lat' dir='ltr'>et</span> <span class='ocrx_word' id='word_1_403' title='bbox 1273 4250 1363 4300; x_wconf 80' lang='lat' dir='ltr'>cibum</span> 
     </span>
     <span class='ocr_line' id='line_1_44' title="bbox 328 4330 1362 4400; baseline 0.003 -18"><span class='ocrx_word' id='word_1_404' title='bbox 328 4336 522 4398; x_wconf 66' lang='lat' dir='ltr'>quaestumque</span> <span class='ocrx_word' id='word_1_405' title='bbox 540 4351 573 4385; x_wconf 80' lang='lat' dir='ltr'>ex</span> <span class='ocrx_word' id='word_1_406' title='bbox 590 4334 916 4398; x_wconf 80' lang='lat' dir='ltr'>mendaciisenptsntss.“</span> <span class='ocrx_word' id='word_1_407' title='bbox 989 4330 1034 4385; x_wconf 74' lang='grc' dir='ltr'>ἐπὶ</span> <span class='ocrx_word' id='word_1_408' title='bbox 1049 4330 1139 4400; x_wconf 73' lang='grc' dir='ltr'><strong><em>τούτῳ</em></strong></span> <span class='ocrx_word' id='word_1_409' title='bbox 1156 4337 1208 4387; x_wconf 77' lang='grc' dir='ltr'>Φο.</span> <span class='ocrx_word' id='word_1_410' title='bbox 1236 4330 1283 4386; x_wconf 67' lang='grc' dir='ltr'>ἐπὶ</span> <span class='ocrx_word' id='word_1_411' title='bbox 1298 4330 1362 4386; x_wconf 77' lang='lat' dir='ltr'>sori·</span> 
     </span>
    </p>
   </div>
   <div class='ocr_carea' id='block_1_7' title="bbox 0 0 1547 5168">
    <p class='ocr_par' dir='ltr' id='par_1_8' title="bbox 0 0 1547 5168">
     <span class='ocr_line' id='line_1_45' title="bbox 0 0 1547 5168; baseline 0 0"><span class='ocrx_word' id='word_1_412' title='bbox 0 0 1547 5168; x_wconf 95' lang='lat' dir='ltr'> </span> 
     </span>
    </p>
   </div>
  </div>
 </body>
</html>
