3108 5166
446 439 528 493 nos
541 441 610 493 Ass
624 440 810 494 smnus
823 439 1075 494 nrrrsosrs.
1215 427 1282 507 101

242 607 387 699 βήματα
413 617 450 680 έν
479 609 566 702 αὐτῷ
597 609 726 702 μεγάλα
753 613 868 699 ξυνέβη
896 613 1063 701 γενέσθαι.
1119 614 1171 679 55.
1199 615 1286 699 μετὰ

244 716 280 785 δὲ
299 714 339 785 τὸ
360 716 552 805 προοίμιον,
584 713 749 805 ἀνάλογον
775 727 844 793 τοῖς
872 714 1066 805 πράγμασιν
1093 715 1287 804 ἢμηκυνά-

241 845 350 908 μενον
367 821 392 907 ἢ
412 817 673 912 βραχυνόμενον,
698 818 822 907 εὐαφὴς
841 847 878 888 τε
899 822 953 887 καλ
975 819 1137 912 εὐάγωγος
1159 826 1240 890 ἔστω
1261 822 1285 908 ἦ

243 926 298 993 ἐπὶ
318 923 390 1012 τῆν’
403 924 554 1015 διήγησιν
573 923 766 1012 μετάβασις.
802 926 896 992 άπαν
915 923 978 1014 γάρ
1000 925 1138 1016 ἀτεχνῶς
1158 924 1198 992 τὸ
1218 927 1287 993 λοι-

242 1027 312 1098 πὸν
334 1036 431 1116 σῶμα
451 1036 511 1115 τῆς
534 1028 677 1117 ἱστορίας
699 1027 847 1119 διήγησις
859 1028 972 1117 μακρά
989 1035 1088 1098 έοτιν·
1113 1031 1195 1098 ὥστε
1215 1044 1287 1108 ταῖς

242 1141 303 1219 τῆς
331 1131 509 1223 διηγήσεως
542 1131 671 1221 ἀρεταῖς
699 1131 1012 1221 κατακεκοσμήσθω,
1050 1134 1141 1211 λείως
1168 1164 1205 1204 τε
1232 1138 1287 1204 καλ

244 1237 378 1324 ὁμαλῶς
399 1244 566 1324 προιυῦσα
592 1238 647 1304 καλ
676 1235 760 1327 αὐτῇ
790 1236 924 1325 ὁμοίως,
956 1240 1039 1306 ὥστε
1059 1237 1109 1327 με]
1132 1240 1287 1331 προάγειν

243 1341 333 1427 μηδὲ
352 1341 587 1410 κοιλαίνεσθαι.
631 1346 744 1409 ἔπειτα
770 1339 809 1408 τὸ
840 1346 940 1428 σαφὲς
962 1344 1158 1425 ἐπανθείτω,
1187 1353 1229 1434 τῇ
1250 1370 1287 1411 τε

243 1446 332 1525 λέξει,
370 1444 413 1522 άς
439 1450 535 1533 ἔφην,
573 1446 856 1536 μεμηχανημένον
884 1447 939 1513 καὶ
966 1454 1008 1536 τῇ
1038 1450 1286 1536 συμπεριπλοκῇ

243 1557 310 1617 τῶν
330 1548 547 1639 πραγμάτων.
583 1548 732 1617 άπάλυτα
753 1548 816 1639 γάρ
844 1551 898 1616 καὶ
920 1555 1030 1636 ἐντελῆ
1053 1549 1165 1619 πάντα
1185 1550 1286 1637 ποιη-

245 1679 304 1732 σει,
335 1654 389 1719 καλ
416 1652 455 1721 τά
484 1662 616 1741 πρῶτον
643 1651 899 1743 ἐξεργασάμενος
927 1653 1037 1730 ἐπάξει
1064 1652 1103 1722 τὸ
1133 1653 1287 1742 δεύτερον

244 1757 403 1848 έχάμσνσν
424 1757 528 1827 αὐτοῦ
549 1759 604 1825 καλ
625 1755 767 1834 άλάσεως
787 1755 916 1845 τράπον
930 1760 1218 1847 συνηρμοσμένον,
1244 1758 1286 1835 ὡς

246 1988 346 2043 aistis.
424 1984 533 2057 ξυνέβη]
563 1989 662 2056 συνέβη
689 1990 721 2040 G.
746 1982 844 2053 ξυνέβη
872 1988 899 2037 Φ
931 2006 982 2052 „ex
1005 1991 1189 2053 correctione3
1220 1991 1285 2057 quio

246 2086 328 2133 antes
345 2080 435 2140 suerit,
460 2094 515 2130 non
539 2079 605 2129 setis
623 2072 737 2142 liquet.“
771 2075 890 2127 Facilior
913 2075 1072 2141 conjectura
1090 2078 1180 2138 iurarit,
1205 2093 1284 2142 quam

246 2169 343 2229 tutior,
374 2182 391 2217 ε
413 2166 498 2231 prime
519 2179 600 2215 manu
619 2165 645 2213 in
670 2163 828 2214 Florentino
853 2161 949 2212 codiee
977 2156 1129 2227 ξυνηνέχθη
1156 2163 1284 2229 scriptum

246 2255 338 2307 iuius.
365 2254 433 2303 Nom
452 2253 521 2303 haee
539 2251 637 2301 verba:
662 2251 726 2311 ,μαι
743 2245 797 2316 γάρ
815 2242 974 2314 παθήματα
997 2274 1024 2284 ·-
1043 2247 1194 2317 γενέσθαι“
1218 2267 1284 2303 εσσε

247 2341 328 2391 ducta
345 2345 408 2389 suut
426 2355 440 2388 e
459 2338 618 2402 Thucydide
636 2338 657 2396 1,
676 2335 709 2389 2³
728 2337 791 2386 init:
816 2330 993 2399 ,μαθήματά
1018 2351 1048 2385 τε
1068 2330 1219 2400 ξυνηνέχθη
1239 2352 1284 2403 γε·

246 2426 348 2477 νέσθαι
365 2420 394 2476 έν
412 2420 485 2489 αὐτῷ
503 2415 663 2495 τῇἙλλάὸι
681 2416 728 2473 οἶα
747 2417 795 2487 oriz
813 2417 897 2489 ἕτερα
923 2417 952 2472 έν
977 2419 1025 2486 ἴση
1043 2417 1164 2489 γράμμ’*
1191 2424 1285 2475 Potuit

245 2515 328 2580 igitur
340 2511 545 2578 Thucydideum
563 2504 714 2576 ξυνηνέχθη
733 2511 787 2561 h.l.
806 2512 932 2573 rotinere,
951 2511 989 2560 uti
1003 2511 1151 2575 Dionysius
1164 2510 1199 2561 H.
1217 2510 1282 2561 Jud.

248 2601 281 2651 de
299 2600 422 2665 Thucyd.
439 2598 474 2650 2⁰
491 2616 517 2665 p.
529 2598 579 2650 860
598 2600 720 2660 retinuit3
738 2598 826 2664 potuit
843 2613 908 2648 voro
928 2598 1009 2647 etiam
1026 2597 1163 2648 Luciauus
1182 2590 1281 2664 ξυνέβη

247 2688 419 2751 substituere,
439 2687 511 2752 quod
528 2688 615 2751 ipsum
633 2685 744 2735 verbum
762 2685 835 2735 idem
852 2684 1001 2749 Dionysius
1019 2683 1158 2734 substituit
1176 2685 1216 2734 Do
1236 2685 1283 2735 ad·

247 2776 306 2825 mir.
325 2776 351 2824 vi
371 2774 423 2824 dio.
442 2775 469 2824 in
488 2773 631 2823 Demostb.
652 2771 685 2822 39
702 2788 728 2837 p.
750 2769 824 2822 tou.

318 2878 358 2930 ⁵5.
376 2875 448 2944 μετά
473 2871 503 2928 δέ
520 2878 606 2937 fluv,
630 2875 806 2942 probantibus
830 2874 1004 2925 Submiedero
1031 2880 1059 2924 et
1076 2874 1224 2925 Schaeiero
1249 2874 1284 2925 ed

246 2966 310 3017 Bos.
328 2966 423 3032 Eilips.
442 2982 468 3031 p.
487 2963 539 3017 ²87
557 2971 585 3015 et
602 2964 637 3014 ud
656 2964 769 3029 (ἑτερου.
791 2963 853 3013 Gor.
871 2978 898 3027 p.
917 2960 977 3012 tto.
1002 2960 1091 3028 μέγαν
1110 2953 1140 3009 δὲ
1160 2961 1192 3011 G.
1211 2959 1283 3026 μέγα

249 3045 279 3102 δέ
299 3052 349 3104 ΦΑ
367 3059 394 3103 ot
411 3069 437 3103 ν.
457 3051 501 3107 (de
519 3050 544 3100 Ω
561 3067 654 3116 parurn
679 3046 805 3110 constet).
875 3044 908 3097 τὸ
933 3065 976 3098 om
994 3048 1026 3099 Ι·“.
1098 3051 1159 3112 post
1182 3047 1283 3112 βραχν·

248 3135 367 3204 νόμενον
392 3142 419 3189 in
442 3140 466 3190 V
493 3144 534 3190 est
563 3130 708 3204 ἀνάλογον.
792 3129 897 3200 εάαφὴτ
921 3151 952 3185 τε
980 3137 1027 3183 καὶ
1049 3134 1179 3185 Subseier
1204 3134 1232 3184 li.
1255 3133 1283 3184 11.

249 3227 391 3277 emendata
408 3228 488 3277 etism
507 3227 732 3291 interpunctione.
761 3218 868 3289 εὐαφὴς
886 3215 916 3271 δέ
934 3224 981 3271 καὶ
1000 3222 1099 3272 diserto
1116 3219 1193 3272 ΩΦΑ
1213 3227 1240 3271 et
1258 3236 1283 3270 v.

249 3308 355 3378 εὐαφὴς
371 3315 418 3363 καλ
429 3314 463 3364 Ii.
525 3305 790 3377 κατακεκοσμήσθω]
808 3307 1072 3373 κατακεκοαμεέσθω
1087 3308 1148 3357 ΦΗ.
1213 3302 1283 3376 αὑτῇ

250 3395 353 3465 ὁμοίως
372 3402 487 3452 Solanus
512 3406 539 3450 et
562 3401 682 3450 fortassis
700 3400 735 3449 Η.
764 3398 870 3449 Castori
895 3397 955 3447 libri
974 3394 1084 3457 (diserto
1101 3392 1189 3453 ΩΦΑ]
1214 3387 1282 3457 αὕτη

250 3482 362 3553 ὁμοίως.
434 3481 575 3554 προάγειν]
598 3481 731 3553 προάγειν
748 3488 770 3537 Α
789 3491 819 3535 ut
836 3484 913 3535 solet.
983 3474 1056 3548 μηδὲ
1079 3473 1283 3545 κοιλαίνεσθαι]

249 3579 287 3628 ita
305 3576 399 3641 scripsi
411 3575 566 3625 Hermanno
585 3574 700 3625 refutato
719 3575 746 3622 in
765 3588 879 3623 sensura
896 3587 923 3637 p.
937 3568 988 3621 m
1006 3571 1098 3636 itaquo
1116 3569 1237 3619 fortassis
1248 3566 1281 3615 Ω.

251 3664 359 3714 (laeteri
385 3662 459 3723 libri,
491 3654 561 3726 μήτε
589 3652 791 3709 κοιλαίνεσθαι.
878 3652 1049 3717 έπανθεέτω,
1082 3651 1117 3725 τῇ
1143 3672 1173 3705 τι
1201 3647 1283 3720 λέξει]

250 3749 412 3801 obtuso.
435 3741 592 3798 ἐπανθείτω
610 3743 645 3817 τῇ
664 3739 737 3804 λέξει
754 3745 845 3811 vulgo.
872 3746 904 3796 In
922 3760 1036 3795 censure
1053 3759 1079 3808 p.
1099 3741 1151 3794 tte
1170 3741 1285 3804 ostendi,

249 3836 332 3888 verba
350 3831 387 3889 ὡς
404 3830 475 3899 έφην
492 3835 526 3886 ad
544 3834 667 3899 superius
686 3849 709 3883 e.
728 3831 761 3883 43
780 3837 808 3882 ot
825 3849 849 3883 o.
868 3831 903 3881 ii
925 3830 1067 3881 referenda
1090 3844 1149 3879 esse
1167 3828 1284 3893 ideoque

250 3923 294 3974 bio
315 3918 345 3972 τέ
369 3921 551 3987 recipiendum
574 3921 656 3971 fuisso
679 3924 819 3985 totumque
842 3918 947 3980 iocum,
979 3919 1024 3983 qui
1048 3933 1103 3967 non
1130 3915 1284 3966 intellectus

251 4015 317 4073 eret,
336 4010 374 4059 sio
387 4008 473 4073 accipi
483 4007 595 4058 debere:
615 4007 810 4072 „perspicuitas
824 4004 975 4057 efflorescat
992 4001 1060 4067 (soii.
1071 4004 1100 4053 in
1110 4000 1284 4065 narratione),

251 4111 320 4162 quae
339 4092 388 4157 (ee.
406 4090 595 4160 perspicuitas)
615 4098 643 4144 ot
660 4093 790 4155 diutione,
812 4097 942 4157 utsupra
960 4090 1081 4151 ostendi,
1106 4089 1239 4141 efficiatur
1258 4096 1286 4138 et

250 4197 338 4232 rerum
356 4182 426 4231 inter
444 4196 472 4231 se
492 4175 760 4246 comprehensione.“
831 4170 1051 4248 συμπεριπλοκῇ]
1071 4168 1213 4247 συμπλοκῇ
1227 4176 1283 4227 GV.

303 4312 428 4369 άπάλυτα
446 4317 488 4384 (νη
508 4336 555 4371 seo
572 4316 609 4381 m)
627 4320 659 4370 P.
729 4312 782 4385 γάρ
807 4333 851 4368 om
868 4316 925 4368 AG.
995 4310 1028 4365 τά
1046 4311 1169 4383 πρῶτον]
1187 4309 1220 4364 τὸ
1240 4330 1283 4364 om

251 4407 287 4457 H.
348 4399 468 4460 άλάσιωτ
485 4408 619 4460 Victorius
637 4410 665 4457 et
681 4420 708 4457 τ.
727 4397 848 4459 ἀλάσιωι
860 4402 902 4454 Ae
918 4404 1006 4454 minus
1017 4403 1108 4455 sttioe.
1177 4393 1285 4465 τρόπον
