3086 5154
518 455 585 509 Am
603 454 973 511 σΑσπσσεοσιπυοε.
1217 428 1268 501 43

228 622 282 688 καί
304 623 396 698 ξένον
418 620 538 710 φάσμα
558 636 628 699 τοῖς
650 622 807 692 ἀκούουσι
825 622 920 692 donni.
933 676 940 693 .
954 677 961 692 .
974 677 1001 694 ..
1027 628 1079 693 3⁴.
1102 629 1216 697 ΕΡΜ.
1237 630 1270 697 τί

230 721 289 792 οὖν
310 724 395 812 πρός
415 735 520 794 ταῦτα
542 733 638 814 ίρείς,
670 724 822 816 cilina,-
866 730 964 798 ΣΥΡ.
1001 729 1265 818 ἀπροσδόκητον,

229 824 254 895 oi
277 828 396 916 ἄνδρες
418 831 578 911 δικασταί,
610 831 670 899 τόν
692 831 803 922 ἀγῶνα
825 839 946 901 τοῦτον
968 833 1168 923 ἀγωνίζομαι
1189 836 1264 923 παρ’

228 930 320 1018 ὑμῖν.
345 932 457 1002 πάντα
478 942 561 1025 γοῦν
582 938 709 1021 μᾶλλον
739 937 779 1002 ἄν
808 937 933 1022 ἤλπισα
964 938 987 1023 ἢ
1020 936 1081 1006 τόν
1103 938 1268 1029 Διάλογον

228 1044 364 1103 τοιαῦτα
387 1042 471 1123 ἐρεῖν
492 1041 567 1125 περὶ
589 1045 684 1126 ἐμοῦ,
710 1043 749 1107 ὃν
765 1039 967 1128 παραλαβών
984 1039 1045 1131 ε’γο)
1068 1042 1268 1130 σκυθρωπόν

229 1144 276 1205 ἔτι
296 1154 365 1216 τοῖς
386 1143 517 1218 πολλοῖς
541 1143 702 1211 δοκοῦντα
724 1146 777 1211 καί
799 1144 867 1212 ὑπὸ
889 1154 954 1213 τῶν
978 1153 1117 1235 συνεχῶν
1146 1144 1267 1233 ἐρατή·

298 1335 340 1388 34.
377 1331 476 1403 ἄνδρες
494 1354 537 1389 om
554 1340 608 1390 Ma.
679 1333 699 1402 ἢ
722 1336 773 1390 τόν
797 1333 929 1408 διάλογον
950 1342 1088 1394 AClPTV·
1130 1338 1181 1391 τόν
1204 1335 1266 1392 διά-

229 1416 311 1490 λογον
328 1423 437 1488 (omisso
461 1417 490 1488 ἢ)
513 1424 546 1474 Ω.
582 1420 633 1475 τόν
655 1418 787 1493 διάλογον
812 1422 831 1491 ἢ
855 1428 909 1478 cM
932 1433 960 1478 st
977 1445 1003 1477 v.
1074 1428 1133 1481 τοῖς
1154 1423 1268 1483 πολλοῖς

230 1504 375 1575 δοκοῦντα]
394 1517 455 1576 post
474 1503 611 1561 δοκοῦντα
628 1514 749 1563 fortassis
774 1513 906 1577 ejusmodi
924 1515 1051 1580 quiddam
1070 1515 1181 1565 excidit:
1209 1511 1266 1579 [καί

228 1590 370 1646 τὰπολλὰ
388 1592 670 1665 μετευιρολογοῦντα]
706 1601 768 1651 vido
793 1601 921 1664 Necyom.
943 1600 987 1654 21.
1025 1605 1099 1650 corto
1118 1603 1264 1666 oppositio-

229 1701 289 1735 σεο]
308 1685 450 1735 vorborum
469 1701 539 1749 quos
557 1692 719 1751 sequuntur:
748 1681 793 1736 ε’πλ
809 1682 858 1753 γῆς
874 1685 982 1753 βαίνειν
1002 1687 1046 1737 hic
1061 1687 1194 1738 desidero.

227 1766 283 1820 τῶν
302 1766 420 1834 συνεγοῖν
438 1765 611 1839 ἐρωτήσεων]
620 1768 677 1822 τῶν
694 1767 910 1839 συνερωτήσεων
920 1773 954 1822 Φ.
1026 1775 1072 1822 καί
1083 1789 1125 1825 am
1136 1773 1192 1824 UY.

230 1850 277 1905 διὰ
299 1853 383 1906 τοῦτο
410 1858 538 1908 ll'CUVY.
576 1849 707 1909 διατοότο
737 1859 809 1922 (cnm
833 1876 927 1911 rasura
950 1877 1031 1925 sapor
1055 1858 1084 1921 c)
1108 1861 1140 1910 A.
1177 1856 1263 1931 ταύτῃ

227 1943 308 1994 ΩΦΜ
327 1948 354 1995 ct
371 1961 396 1994 v.
466 1941 519 2008 μίν
536 1960 579 1995 om
602 1946 633 1996 Ψ.
704 1943 886 2012 πρῶτονμὲν
904 1941 998 2011 αότόν]
1026 1940 1111 1996 αότόν
1134 1964 1177 1998 om
1194 1946 1220 1996 Ω
1238 1953 1266 1999 ot

228 2048 270 2096 pm
289 2032 326 2093 Μ,
347 2031 448 2081 habant
465 2030 545 2081 ΔΨΦ
563 2037 590 2081 ct
608 2049 624 2080 v
644 2037 671 2083 st
694 2034 853 2085 scholiastes
875 2035 903 2083 in
928 2035 1062 2085 lemmate.
1101 2027 1187 2082 αότὸν
1202 2039 1266 2099 post

228 2111 261 2167 όν
283 2117 452 2167 retinendum
477 2125 526 2168 ost.
562 2118 624 2169 vido
648 2120 771 2181 Quasstt.
795 2121 827 2171 L.
850 2136 877 2184 p.
902 2119 961 2171 los.
1040 2116 1138 2169 εἴθισα
1162 2114 1189 2173 ἐς
1214 2116 1265 2169 τὸν

228 2197 410 2269 άνθρυόπινσν
428 2199 619 2270 (άνθρυιπίνον
635 2204 669 2263 Δ]
692 2202 793 2255 τοῦτον
809 2200 917 2271 τρόπον
934 2206 1018 2257 ΑΟΨ.
1056 2200 1083 2259 ἐς
1099 2201 1131 2254 τὸ
1150 2201 1212 2264 (τὸν
1227 2205 1262 2267 Ω]

229 2285 411 2354 άνθρσλιτινσν
430 2288 525 2340 εἴθισα
542 2287 643 2341 τοῦτον
658 2288 710 2342 τόν
725 2287 834 2358 τρόπον
841 2291 902 2341 ΩΦ.
941 2287 968 2346 ἐς
983 2287 1034 2341 τόν
1051 2287 1092 2353 lvd
1103 2287 1131 2357 a)
1150 2285 1262 2357 ἀνθρά-

227 2393 309 2427 πινον
328 2375 423 2427 εἴθισα
439 2373 540 2427 τοῦτον
555 2373 663 2445 τρόπον
676 2380 722 2429 Μιι
733 2384 760 2430 ot
768 2396 794 2428 v.
830 2380 909 2430 alitor
926 2379 995 2429 haoo
1009 2378 1088 2429 affert
1104 2378 1264 2428 scholiastes

227 2466 255 2514 in
265 2466 448 2529 expositione:
466 2466 562 2529 ,χαμαὶ
578 2465 687 2530 βαίνειν
704 2462 800 2515 είθισα
818 2468 865 2515 καλ
883 2457 921 2520 εἷς
936 2460 987 2514 τὸν
1001 2458 1183 2529 ἀνθρώπινον
1196 2458 1263 2526 τρό-

227 2551 301 2601 πον’.
378 2544 491 2614 αὐχμόν]
509 2544 598 2615 άγμόν
616 2552 650 2601 Φ.
726 2545 896 2618 παρέζευξα]
918 2544 1069 2610 κατέζευξε
1090 2552 1122 2600 Ψ.
1192 2547 1265 2599 κατὰ

227 2633 320 2701 τοῦτο]
344 2632 414 2686 κατά
435 2633 486 2686 τοῦ
508 2634 540 2686 τό
565 2655 590 2690 a.
660 2633 710 2690 τὰς
731 2632 857 2692 άκάνθας
879 2634 929 2692 τὰς
954 2631 983 2688 ἕν
1000 2632 1074 2700 αὐτῷ
1093 2637 1194 2688 habant
1211 2638 1268 2688 ΑΨ

229 2731 256 2774 ot
272 2741 299 2785 v,
318 2740 361 2775 om
379 2724 448 2774 hsac
466 2725 585 2789 quinqua
603 2725 688 2776 verba
704 2723 811 2775 ΩΦΜε.
884 2718 973 2787 ε’γῖνον
991 2724 1018 2772 Φ
1036 2729 1098 2775 oto.
1134 2719 1263 2788 ἐγίνονΔ.

297 2804 324 2863 ἐς
342 2800 391 2871 (εἷς
410 2806 445 2871 Φ]
462 2805 512 2863 τάς
528 2810 622 2876 γεῖρας
642 2804 738 2877 λαβεῖν
764 2806 849 2861 σότόν
865 2808 972 2861 ΑΨΩΦ.
1008 2802 1105 2875 λαβεῖν
1123 2804 1208 2859 αότόν
1226 2802 1265 2863 εἷς

227 2892 277 2949 τάς
298 2893 391 2959 γεῖρας
415 2897 461 2946 Ma
484 2903 512 2947 ot
534 2914 559 2946 τ.
631 2890 688 2948 old’
715 2914 758 2948 om
781 2899 841 2949 ΔΨ.
913 2889 982 2961 ὅπερ
1008 2895 1062 2946 cM
1082 2900 1110 2946 ot
1127 2913 1152 2946 v.
1190 2890 1263 2960 άπερ

229 2984 289 3034 ΑΨ.
308 2981 476 3047 comparum
488 2988 601 3035 constat.
675 2978 854 3048 αότὸν]αιἰτῷ
866 2983 897 3033 Ψ.
959 2975 1261 3049 γλίσχρσΑΨΩΤΰλΙῩ.

230 3061 305 3133 ἰσχνά
324 3068 378 3118 ΦΜ
397 3073 424 3119 ot
442 3069 503 3120 odd.
521 3075 586 3120 vett.
656 3062 1107 3136 κάθημαι-σμικρολογούμενος
1120 3062 1263 3135 (μικρολο-

228 3150 361 3222 γούμενος
379 3153 441 3213 ΑΨ]
458 3156 566 3206 A‘PCV.
602 3152 810 3222 καθήμενσς-
826 3150 1063 3224 σμικρολογοῖιμαι
1085 3154 1167 3206 ΩΦΜ
1192 3162 1220 3207 st
1235 3172 1262 3205 ν.

298 3232 325 3291 εἰ
341 3231 492 3307 ἀθάνατος]
511 3242 631 3294 Platonis
655 3243 722 3294 dicit
744 3245 911 3308 potissimum
930 3242 1113 3294 Phaedonem.
1184 3256 1264 3292 κατε-

230 3322 377 3387 σκευάζετο
397 3328 504 3378 ΔΟΨΥ.
541 3319 688 3394 εἰργάσατο
710 3327 791 3379 ΩΦΜ
816 3335 844 3379 et
865 3345 891 3380 v.
961 3325 1033 3380 κατά
1054 3322 1142 3377 ταότόι
1167 3324 1265 3391 (ταυτά

228 3412 263 3479 A)
280 3416 337 3465 ΑΨ
351 3420 378 3465 ot
394 3414 516 3465 fortassis
533 3415 558 3462 Ω
576 3432 636 3466 cum
654 3416 777 3466 Platone.
812 3411 936 3464 κατὰτὰ
956 3410 1188 3467 atrocitati.
1239 3437 1241 3441 ’

229 3496 333 3555 εἰΑΨ.
372 3491 586 3554 sinodalem.
656 3496 894 3553 τάπάνταλῦΨ.
929 3496 1021 3552 πάντα
1038 3501 1119 3552 stoli
1133 3506 1194 3551 etv.

228 3582 363 3642 πόσαι-
385 3581 560 3655 ἐκεράννυτο]
585 3589 689 3639 Timaei
711 3589 845 3639 Platonici
869 3588 944 3638 locos
967 3589 1033 3639 dicit
1054 3604 1081 3652 p.
1107 3587 1140 3639 35
1164 3586 1206 3649 (P.
1225 3587 1265 3637 111

229 3668 263 3724 V.
283 3676 310 3724 11
333 3691 359 3739 p.
380 3673 413 3725 32
431 3673 542 3731 Belalis
564 3671 614 3739 τῆς
636 3669 786 3740 ἀμερίστου
809 3677 856 3723 καί
879 3667 924 3723 aial
946 3670 1018 3724 κατά
1040 3668 1128 3724 ταότά
1151 3667 1266 3737 ἰγοόσης

231 3755 325 3814 οὐσίας
342 3766 369 3811 ct
386 3777 413 3826 p.
434 3761 464 3811 ll
486 3755 523 3825 lp·
543 3761 577 3810 ll
596 3758 652 3821 B.):
680 3756 754 3811 ταῦτ’
778 3757 847 3820 εἶπε,
868 3764 915 3809 καί
931 3754 1016 3810 πάλιν
1034 3755 1080 3808 inl
1095 3755 1146 3809 τόν
1162 3753 1264 3824 πρότι-

230 3863 282 3913 ρον
303 3843 445 3912 κρατῆρα,
475 3842 505 3895 ἐν
528 3833 550 3910 ᾦ
572 3843 624 3911 τὴν
645 3844 696 3897 τοῦ
720 3844 823 3902 παντὸς
840 3843 930 3915 φυγὴν
947 3841 1079 3913 κερσννός
1096 3841 1204 3913 ἔμισγε,
1229 3840 1266 3895 τά

228 3930 285 3983 τῶν
307 3928 435 3999 πρόσθεν
459 3927 600 3984 ὑπόλοιπα
623 3932 762 3998 κατεγεῗτο
786 3933 892 4000 μίσγων
906 3961 948 3986 -.
1019 3935 1066 3983 καὶ
1089 3928 1160 3982 κατὰ
1177 3927 1265 3983 suiad

230 4015 342 4084 ε’χοόσης
360 4015 462 4085 οὐσίας]
488 4024 609 4086 σριίοιο
634 4022 695 4072 loco
714 4023 818 4072 Timooi
841 4038 868 4087 p.
888 4020 921 4072 35
945 4015 989 4071 άελ
1007 4022 1111 4071 inasro:
1134 4023 1181 4071 sai
1198 4014 1264 4087 [aas]

230 4103 300 4157 κατὰ
320 4102 409 4157 ταύτὰ
434 4101 546 4172 ἐγοόσης
569 4102 672 4161 οὖσίας.
744 4099 772 4158 εἰ
791 4102 808 4171 ἡ
835 4103 970 4174 ῥητορικὴ
992 4103 1137 4176 (ρητορικὴ
1157 4106 1192 4170 λ)
1214 4108 1270 4158 ΔΨ

232 4201 259 4244 at
276 4193 440 4245 fortandas)
458 4211 517 4245 oum
537 4196 658 4246 Platona.
696 4186 723 4244 εἰ
738 4190 874 4260 ῥητορικὴ
895 4194 949 4244 osi
968 4200 996 4244 at
1013 4210 1039 4245 v.
1109 4185 1265 4258 ἡ-είόω-

231 4274 289 4348 λον]
309 4281 427 4347 Gorgiae
446 4279 577 4331 Platonici
594 4281 678 4332 verba
697 4282 761 4331 dicit
779 4297 805 4345 p.
821 4279 872 4332 los
889 4283 914 4330 D
935 4281 978 4331 St:
998 4276 1126 4347 ἔστιγὰρ
1144 4275 1161 4344 ἡ
1182 4276 1264 4344 ῥητο-

231 4363 311 4433 ρικὴ,
338 4363 409 4417 κατὰ
429 4362 480 4418 τόν
503 4361 572 4432 ἐμὸν
589 4360 685 4434 λόγον,
705 4360 849 4430 πολιτικῆς
865 4366 967 4433 μορίου
986 4359 1110 4417 εἴδωλον.
1181 4357 1265 4414 κολα·
