3108 5166
266 361 319 449 82
670 370 899 427 Aormsor

264 546 426 636 φαιότατα
449 548 585 617 οἴκοθεν
607 547 722 634 ἔχοντα
742 544 844 631 ἥκειν,
870 539 1001 611 σίινεσίν
1015 566 1051 609 τε
1064 536 1234 627 πολιτικήν
1253 537 1308 607 ταί

264 650 409 738 δύναμιν
431 646 677 739 ἑρμηνευτικήν,
708 644 771 733 την
798 651 864 734 μὲν
893 641 1070 717 ἀδίδακτόν
1097 671 1130 711 τι
1155 650 1215 729 τῆς
1243 640 1308 729 ‹pli-

265 782 344 831 σειος
367 756 483 841 δωρον,
513 753 534 839 ο]
560 751 701 838 διίναμις
723 751 759 817 δὲ
788 751 893 837 πολλῇ
916 756 957 838 τῇ
981 746 1115 833 ἀσκήσει
1135 749 1188 815 καί
1212 772 1307 814 συνε-

262 874 320 949 χεῖ,
336 867 380 947 τῷ
412 857 504 945 πόνῳ
538 857 591 924 καί
622 854 703 942 ζήλῳ
740 861 807 921 τοῖν
844 853 986 944 ἀρχαίων
1018 851 1305 941 προσγεγενημένη

264 970 355 1030 iimo.
390 970 496 1029 ταῦτα
516 964 582 1047 μὲν
604 954 665 1026 οὖν
687 957 805 1049 ἄτεχνα
827 958 881 1027 καί
903 955 1001 1025 οὐδὲν
1016 961 1101 1042 ἐμοῦ
1117 953 1307 1045 συμβούλου

265 1064 418 1152 δεόμενα.
460 1064 501 1130 οὐ
527 1062 590 1153 γὰρ
621 1059 776 1136 συνετοὺς
803 1062 857 1126 καλ
888 1060 968 1136 ὀξεῖς
1004 1059 1202 1148 ἀποφαίνειν
1230 1055 1308 1133 τοὺς

262 1168 312 1256 μο]
342 1166 431 1254 παρὰ
461 1174 519 1253 της
547 1163 675 1254 φίισεως
706 1162 876 1240 τοιούτους
908 1165 989 1252 φησί
1020 1172 1118 1237 τοῦτο
1149 1163 1235 1251 ,ἡμῖν
1263 1161 1306 1229 τό

263 1271 400 1359 βιβλίον·
436 1271 506 1336 ἐπεί
538 1270 662 1337 πολλοο
692 1267 760 1353 [ἂν]
788 1270 916 1355 μᾶλλον
944 1268 980 1335 δὲ
1013 1275 1073 1337 τοῦ
1106 1264 1234 1343 παντός
1262 1262 1308 1353 ἦν

265 1375 366 1455 ἄξιον,
399 1378 429 1440 εί
454 1371 665 1461 μεταπλάσαι
697 1373 751 1438 καί
779 1379 1032 1459 μετακοσμῆσαι
1060 1373 1101 1438 τό
1130 1372 1306 1457 τηλικαῦτα

264 1475 414 1556 ίδίινατο,
438 1475 460 1562 τ’]
484 1481 518 1542 ἐκ
538 1473 710 1564 μολίιβδου
729 1474 850 1565 χρυσόν
865 1475 1037 1562 ἀποφῆναι
1057 1474 1080 1561 ι]
1104 1474 1247 1565 ἄργυρον
1271 1479 1306 1541 ἐκ

263 1582 464 1666 κασσιτέρου,
493 1579 517 1665 ἢ
541 1577 608 1646 ἀπὸ
630 1578 793 1654 Κόνωνος
821 1580 989 1666 Τίτορμον
1016 1579 1039 1667 ἢ
1062 1577 1130 1649 ἀπό
1152 1581 1307 1665 Λεωτρο-

213 1704 246 1756 lo
264 1684 362 1772 φίδου
390 1683 529 1750 Μίλωνα
557 1681 803 1773 ἐξεργάσασθαι.
830 1686 850 1724 ⁴*
902 1684 953 1749 35.
983 1681 1060 1749 ἀλλὰ
1089 1690 1158 1750 ποῦ
1183 1682 1222 1749 τό
1249 1688 1308 1769 τῆς

263 1789 376 1877 τέχνης
397 1786 451 1852 καί
472 1784 511 1853 τό
533 1794 593 1871 της
616 1788 804 1874 συμβουλῆς
830 1785 1007 1879 χρησιμενς
1035 1786 1093 1854 οὐκ
1117 1792 1149 1862 ἐς
1170 1786 1307 1872 ποίησιν

264 1898 330 1957 τοῖν
351 1886 596 1975 προσηκόντων,
622 1889 690 1956 ἀλλ’
713 1895 746 1966 ἐς
764 1896 880 1981 χρῆσιν
901 1889 1012 1959 αὐτοῖν
1031 1890 1097 1977 τήν
1119 1889 1307 1978 προσηκου-

265 2070 337 2132 Mag.
357 2066 453 2133 otti,
471 2067 488 2117 8
506 2066 617 2119 Ritschl.
687 2060 774 2131 ι’]κειν]
794 2067 913 2118 Cobetus
930 2068 999 2119 inv.
1010 2068 1041 2118 L.
1058 2084 1084 2133 p.
1099 2066 1148 2119 100
1168 2061 1228 2117 δεῖν
1245 2071 1307 2132 post

264 2149 343 2219 ἥκειν
360 2155 503 2205 desiderat.
531 2155 567 2204 At
586 2155 658 2219 φημί
677 2158 718 2204 est
737 2154 900 2215 ‚‚oonteudo‚
920 2169 942 2203 s.
957 2152 1053 2218 jubeo,
1072 2171 1092 2205 s.
1112 2170 1227 2220 aequum
1242 2169 1304 2203 eeu·

265 2240 341 2290 seo.“
361 2241 431 2291 Vide
450 2240 635 2290 lleimiordnm
654 2241 688 2291 ad
706 2240 774 2291 Plat.
793 2241 936 2305 Protagor.
954 2256 980 2304 p.
996 2238 1055 2291 595.
1128 2234 1306 2306 ἀποφαίνειν]

266 2323 425 2399 ἀποφανεῖν
443 2326 562 2377 Cobetus
580 2328 612 2377 V.
631 2327 663 2376 L.
682 2343 708 2390 p.
731 2324 778 2376 100
806 2326 931 2391 conjecit.
958 2327 994 2377 At
1017 2332 1090 2377 reete
1118 2326 1208 2389 habet,
1235 2319 1305 2374 ιἰπο-

267 2414 378 2480 φαίνειν
396 2439 424 2449 -
455 2417 539 2478 φησὶν
561 2414 588 2463 h.
608 2430 632 2463 e.
659 2428 706 2476 „se
731 2413 844 2463 reddere
869 2411 1035 2463 contendit.“
1065 2413 1106 2463 Cf.
1125 2412 1237 2479 Eupolis
1261 2427 1305 2475 ap.

266 2501 414 2566 Hephaest.
433 2500 507 2560 Xlll,
527 2499 543 2548 1
561 2515 587 2564 p.
598 2497 646 2548 77:
666 2501 739 2563 φημι
757 2491 787 2548 δὲ
805 2497 936 2563 βροτοῖσι
952 2492 1024 2547 πολὺ
1042 2491 1158 2549 πλεῖστοι
1174 2498 1306 2567 παρέχειν

267 2582 319 2654 ἐγὼ
332 2613 374 2634 -.
446 2578 552 2634 πολλοῦ
569 2579 611 2649 δν]
631 2578 666 2634 δν
678 2587 720 2635 oin
734 2584 936 2637 ΩΦΑΕΗΡΟο.
956 2586 1049 2651 Neque
1063 2586 1177 2637 formula
1190 2579 1304 2643 πολλοῦ,

266 2665 372 2738 μᾶλλον
390 2664 420 2720 δὲ
439 2668 489 2721 τοῦ
507 2667 611 2723 παντὸς
628 2671 700 2735 apud
718 2671 937 2733 Demosthenem,
955 2672 1138 2735 Plutarchum,
1156 2673 1305 2723 Luciaunm

266 2762 353 2824 ipsum
367 2759 419 2810 alio
434 2757 566 2808 vocabulo
581 2773 694 2823 usquam
708 2757 902 2821 interpellatur,
916 2774 1005 2824 neque
1021 2752 1056 2807 δν
1068 2757 1201 2824 particula
1210 2759 1305 2808 deesse

266 2824 363 2910 pdtest.
392 2845 433 2893 Ex
457 2860 510 2909 quo
534 2845 664 2909 sequitur,
688 2836 722 2892 δν
744 2847 807 2908 post
826 2839 930 2897 παντός
955 2845 1060 2894 demum
1085 2845 1136 2894 boo
1159 2844 1238 2894 modu
1265 2846 1305 2893 iu-

267 2931 409 2980 serendum
423 2946 498 2979 esse:
518 2923 579 2979 ε’πεί
595 2922 699 2978 πολλοί
716 2922 822 2994 μᾶλλον
841 2921 870 2979 ii
883 2926 933 2978 τοῦ
947 2926 1051 2984 πσντότ
1068 2923 1108 2980 όν
1122 2918 1158 2995 ἦν
1171 2924 1251 2988 ἄξιον
1261 2954 1303 2978 -.

317 3011 536 3081 μετακοσμῆσαι]
552 3012 747 3081 μετακομῆσαι
762 3015 821 3067 QG.
886 3008 1001 3065 ε’δόνατο
1015 3016 1090 3067 ΩΦΔ
1102 3022 1130 3068 et
1137 3033 1163 3067 ν.
1182 3010 1304 3081 ἧδόνατο

267 3102 292 3152 G
310 3103 391 3151 solus.
461 3094 602 3167 μολίβδου
620 3100 653 3149 Ω.
677 3094 813 3168 μολίβδου
831 3103 855 3153 A
873 3108 901 3152 st
919 3103 981 3153 edd.
999 3108 1062 3153 ante
1079 3101 1253 3153 dsoobitium.

269 3180 399 3255 ἄργυρον]
425 3181 559 3256 ἀργύριον
575 3187 608 3236 Δ.
681 3182 711 3237 ἐκ
728 3188 892 3255 κασσιτέρου
909 3187 1137 3241 uersurum.
1165 3182 1221 3237 ἀπό
1240 3203 1305 3236 κοσ-

269 3274 378 3340 σιτίρου
393 3292 417 3325 v.
489 3268 545 3323 ἀπὸ
559 3269 689 3327 Κόνωνος
706 3281 733 3324 et
746 3291 809 3325 mox
828 3269 882 3324 dni
902 3267 1110 3341 Λεωτροφίδου
1127 3275 1189 3324 libri
1204 3290 1306 3337 omues,

268 3363 340 3426 qnod
354 3366 427 3411 reete
440 3361 540 3410 dietum
555 3377 614 3412 esse
624 3362 737 3412 verbum
752 3354 958 3427 ἐξεργάσασθαι
974 3362 1062 3425 duest,
1080 3359 1121 3423 (ut
1133 3354 1305 3430 γλόριαοδοι)

269 3447 302 3496 de
325 3447 454 3497 statuario
478 3447 544 3497 illud
568 3448 697 3510 solemne,
719 3463 745 3497 v.
765 3448 966 3498 elabentem.
986 3446 1095 3498 Somnio
1115 3464 1138 3498 ο.
1158 3446 1174 3497 0
1192 3447 1237 3498 fin.
1264 3448 1307 3497 Ita

269 3525 325 3580 ἀπό
343 3532 369 3582 lr.
388 3533 407 3582 l.
426 3549 479 3583 uon
498 3535 583 3598 magis
601 3534 757 3583 mutandum
775 3535 827 3583 erit
844 3546 922 3598 quam
942 3535 970 3582 in
983 3533 1128 3584 Theocrito
1141 3533 1304 3598 Epigramm.

268 3619 325 3681 vll,
352 3618 381 3667 4:
408 3621 454 3668 καί
476 3610 535 3668 τόδ
560 3613 606 3668 ἀπ’
631 3612 753 3671 είοίδουτ
776 3612 889 3686 γλιίηιατ’
917 3612 1026 3687 ἄγαλμα
1053 3612 1164 3686 νίδρου,
1193 3620 1306 3669 Frustra

267 3706 350 3769 igitur
368 3707 487 3757 Cobotes
504 3707 532 3755 in
550 3707 582 3758 V.
601 3707 633 3756 L.
651 3722 678 3771 p.
695 3704 745 3754 2⁴5
763 3705 902 3769 vulgarem
921 3708 1047 3770 syntsxin
1064 3707 1232 3770 maximeque
1251 3704 1303 3753 usi·

267 3795 350 3840 tetam
370 3786 400 3838 εἰι
417 3786 548 3845 Κόνωνος
565 3798 646 3859 atquo
666 3786 696 3841 ἐκ
714 3783 922 3857 Λεωτροφίδου
940 3793 967 3842 lr.
985 3793 1004 3843 l.
1023 3793 1146 3843 substitui
1164 3791 1257 3842 voluit.

337 3874 379 3924 35.
404 3869 472 3925 ἀλλὰ
489 3874 545 3926 ποῦ
569 3877 732 3928 ΩΦΗΤἯί.
752 3871 828 3939 Ισίλλοί
849 3892 904 3928 που
923 3879 970 3930 ΔΡ
989 3884 1017 3929 st
1033 3895 1059 3929 v.
1130 3872 1165 3941 ιἐ]
1192 3867 1230 3930 είς
1256 3876 1304 3926 AG

267 3961 410 4012 Victorius.
480 3960 537 4012 τοῖν
552 3959 761 4032 προσηκόντων]
779 3965 817 4014 ita
832 3966 945 4014 correxi.
969 3965 1042 4014 Libri
1059 3959 1116 4013 τοῖν
1131 3956 1303 4032 προσόντων,

269 4047 342 4112 quod
366 4046 482 4098 absurde
506 4049 606 4100 dietum
625 4067 685 4101 esse
704 4050 820 4100 Solanns
838 4051 913 4101 vidit.
940 4050 1002 4100 Jam
1020 4049 1190 4099 Hermennus
1209 4065 1234 4113 p.
1253 4046 1304 4101 217

267 4128 324 4182 τοῖν
344 4128 383 4197 μὴ
408 4129 572 4198 προσόντων
596 4135 749 4186 dubitanter
773 4135 891 4201 conjecit
912 4134 1042 4201 probante
1067 4134 1305 4197 Summerbrodtio,

269 4219 385 4285 donique
411 4219 530 4272 Cobotes
547 4222 579 4273 V.
597 4222 629 4273 L.
648 4238 674 4287 p.
695 4219 743 4272 100
766 4218 824 4272 τοῖν
848 4216 880 4273 οδ
905 4214 1068 4289 προσόντων
1091 4236 1121 4271 se
1146 4221 1305 4272 emendasse

268 4305 407 4373 gloriatur.
440 4307 493 4371 Qui
520 4312 551 4359 ut
575 4312 649 4361 reete
676 4310 781 4363 censuit
811 4308 926 4377 ποίησιν
949 4302 1007 4361 τοῖν
1030 4300 1195 4379 προσόντων
1222 4322 1305 4377 prere
