3046 5166
247 343 367 399 XXVIII
632 338 903 397 Paenueouuun

247 496 352 564 Nonio
381 518 412 583 p.
436 496 489 581 94,
512 495 553 560 2Ἰ
584 493 670 560 etin
692 494 855 561 Prisciano
877 494 924 559 III
951 516 983 581 p.
1007 495 1060 581 98,
1082 497 1102 563 8
1125 497 1209 581 (sive
1229 498 1285 584 III,

248 620 270 684 4
298 640 330 704 p.
358 618 434 701 120)
470 615 585 700 legitur
618 620 691 700 post
733 614 816 681 hane
852 612 1019 700 utrubique
1057 617 1285 704 praelationem

248 740 359 826 ‚Varro
381 737 456 822 aspi
479 736 653 821 alpiosou‘.
703 736 780 822 Ipsa
801 736 952 803 Varronis
973 738 1073 804 verba
1093 739 1174 807 haee
1195 747 1283 806 sunt:

248 881 352 948 ‚porro
374 854 450 925 inde
470 858 512 924 ab
533 875 723 940 unoquoque
745 856 884 943 compito
905 864 1015 926 ternae
1035 860 1108 926 viae
1135 860 1286 945 oriuntur,

250 1003 268 1048 e
297 980 411 1065 quibus
443 979 588 1064 singulae
621 977 740 1044 exitum
773 998 812 1044 ao
839 980 931 1053 τέλος
962 980 1081 1047 habent
1112 983 1283 1068 proprium.

248 1104 278 1168 A
307 1102 410 1189 primo
443 1100 581 1187 compito
614 1099 786 1167 dextimam
818 1100 904 1166 rium
936 1102 1037 1167 munit
1065 1102 1284 1189 Epicurum).

250 1223 311 1304 Qui
333 1224 422 1289 loeus
443 1241 539 1305 quum
561 1221 657 1289 seotis
677 1222 938 1309 philosophorum
965 1231 1137 1310 oeoupatus
1165 1225 1216 1308 sit,
1243 1222 1286 1290 ed

249 1365 316 1412 rem
338 1345 389 1411 uel
411 1343 549 1409 maxime
576 1343 723 1429 pertinet.
775 1344 887 1428 Neque
916 1343 999 1409 enim
1028 1344 1174 1412 dubitem
1201 1345 1284 1425 lieet

251 1466 328 1553 quin
355 1466 436 1533 haee
457 1464 610 1531 Varronis
637 1472 760 1532 satura:
790 1465 878 1550 ‚usqi
902 1466 1076 1552 uipereor,
1108 1467 1142 1532 in
1173 1466 1287 1533 eedem

158 1580 161 1585 ¹
249 1593 444 1673 argumento,
467 1606 529 1670 quo
550 1587 727 1654 Lucianee:
749 1584 960 1671 ,Ἑρμότιμος
981 1585 1003 1672 ἢ
1025 1588 1100 1672 περὶ
1119 1588 1286 1673 αἱρέσεων*

249 1714 377 1777 versata
398 1708 449 1793 sit,
470 1707 505 1774 id
527 1714 576 1776 est
596 1709 629 1775 in
651 1708 867 1776 deseribeudis
894 1709 989 1775 sectis
1018 1709 1285 1797 philosophorum.

250 1830 416 1913 Quumque
436 1828 530 1896 ambo
553 1837 585 1896 et
606 1812 766 1897 LueIanus
788 1837 820 1897 et
840 1830 942 1896 Varro
963 1830 1147 1917 Menippum
1174 1830 1287 1898 durem

251 1957 438 2037 sequantur:
472 1950 543 2034 quis
564 1972 628 2018 non
649 1951 763 2036 quovis
783 1952 918 2037 pignore
940 1950 1117 2037 contendat,
1147 1957 1286 2019 saturam

242 2071 364 2140 'eodem
392 2071 520 2138 nomine
550 2072 639 2157 ,περὶ
661 2073 838 2159 αἱρέσεων,
872 2073 943 2159 pari
976 2073 1072 2140 etiam
1104 2079 1159 2139 aut
1191 2073 1286 2140 slmili
1337 2088 1344 2099 ·

251 2201 336 2263 eerte
349 2199 537 2280 argumento
550 2193 592 2261 ab
608 2194 680 2280 ipso
695 2193 765 2278 jam
777 2194 928 2281 Memppo
944 2193 1151 2281 compositam
1166 2193 1288 2261 seinse?

250 2317 288 2383 In
310 2316 490 2383 universum
511 2320 618 2381 autem
640 2315 740 2382 Varro
762 2315 949 2402 Menippeas
977 2316 1043 2381 alia
1070 2315 1141 2402 ipse
1163 2316 1287 2401 excogi-

251 2437 340 2522 tavit,
369 2437 435 2504 elia
462 2436 504 2503 ab
533 2435 684 2523 Menippo
714 2456 771 2504 suo
799 2442 959 2504 mutuatus
988 2443 1044 2504 est.
1097 2437 1171 2522 Ipse
1203 2437 1288 2503 enim

251 2557 391 2646 pedestri
420 2558 557 2625 sermoni
590 2558 705 2624 multos
737 2577 847 2625 uersus
879 2577 997 2642 eosque
1027 2558 1124 2642 plane
1152 2558 1288 2624 mellitos

251 2679 383 2746 inseruit
415 2680 524 2745 metris
556 2680 608 2746 vel
641 2680 779 2746 maxime
810 2679 907 2746 variis
939 2698 1004 2745 nen
1037 2679 1106 2745 sine
1137 2677 1286 2763 Sotadeo,

252 2800 372 2887 quippe
393 2801 447 2885 qui
470 2800 577 2868 omnia
598 2807 707 2886 metra,
735 2801 769 2867 in
798 2801 848 2869 his
868 2801 974 2868 Plauti
995 2799 1044 2866 eui
1064 2819 1212 2866 numeros
1240 2800 1286 2865 in

252 2941 399 2988 numeros
421 2922 454 2987 in
475 2929 638 2989 numerate
660 2922 799 2989 heberet.
843 2922 885 2987 Et
913 2927 1014 2988 metra
1042 2919 1170 3004 quidem
1190 2919 1287 3007 inpri-

253 3042 313 3109 mis
334 3042 375 3107 ab
398 3042 437 3109 G.
461 3044 643 3110 Hermanno
666 3049 698 3110 et
720 3042 754 3109 Ο.
778 3043 983 3110 Laehmanno
1006 3041 1123 3129 partim
1144 3040 1288 3108 restituta

253 3170 334 3228 sunt.
366 3162 537 3231 Sedridem
547 3165 648 3231 Varro
672 3183 779 3231 eorum
801 3164 856 3248 qui
877 3172 943 3230 tum
966 3171 1055 3230 erant
1076 3165 1286 3230 Romanorum

252 3284 407 3350 luxuriem
435 3291 467 3350 et
494 3286 661 3351 avaritiam
697 3306 795 3373 saepe
827 3286 965 3352 notavit:
1009 3305 1092 3369 quae
1121 3304 1216 3368 quum
1245 3283 1288 3350 ad

254 3410 373 3471 eertum
394 3403 544 3473 historiae
566 3405 663 3474 fidem
680 3407 823 3474 revocari
840 3408 992 3494 pleraque
1008 3412 1175 3492 nequeant,
1197 3404 1288 3471 vanis

253 3534 359 3595 Mmen
381 3526 571 3612 eonjeeturis
592 3548 694 3615 nuper
715 3533 837 3595 tentate
866 3534 947 3595 sunt.
992 3527 1096 3607 Quam
1123 3546 1184 3613 ego
1212 3526 1288 3592 mel·

253 3649 316 3716 lem
338 3649 424 3717 dooti
442 3649 579 3734 juvenes
600 3648 643 3716 ad
663 3650 720 3716 illa
741 3648 854 3716 melius
876 3648 1094 3734 attendissent,
1121 3669 1184 3715 non
1206 3664 1288 3731 quae

254 3790 311 3838 suo
333 3771 461 3858 ingenio
483 3773 613 3857 invenit,
635 3771 692 3840 sed
715 3770 797 3856 quae
819 3770 977 3857 exipsius
993 3769 1135 3857 Menippi
1151 3768 1288 3836 fontibus

254 3893 420 3959 derivavit.
467 3891 653 3960 Tenendum
683 3900 731 3961 est
758 3893 843 3961 enim
870 3891 1024 3979 inprimis,
1053 3892 1155 3958 virum
1176 3891 1288 3956 Ιίσωιω·

254 4034 366 4080 norum
396 4032 494 4079 unum
526 4015 592 4081 sere
619 4014 864 4082 eruditissimum
892 4015 925 4079 in
954 4012 1157 4101 philosophia
1183 4019 1288 4077 umen

323 4189 348 4256 *l
365 4188 442 4247 Haec
458 4189 660 4262 fragmentum
673 4189 781 4261 sylloge
793 4189 838 4245 Fr,
848 4188 960 4246 Oehleri
976 4206 1003 4258 p.
1015 4188 1065 4245 188
1082 4190 1112 4244 et
1129 4186 1158 4242 iu
1176 4186 1290 4242 meliore

254 4278 299 4336 Al.
313 4278 400 4336 Riesii
417 4296 445 4350 p.
458 4277 507 4334 191
525 4277 667 4349 leguntur.
