2952 5166
577 351 783 403 APAHBrAr.
1123 321 1197 393 251
1273 349 1277 355 ’

147 524 252 591 ’lirin
280 529 404 590 ἐκεῖνον
426 521 610 601 νεανίσκον,
642 520 685 596 ὡς
712 523 922 608 φιλοσοφοῖεν
944 519 985 606 δὴ
1009 522 1061 587 καί
1090 521 1198 589 αι’παί.

154 628 232 695 εἶτα
275 626 387 702 κοινός
420 624 521 701 αὐτός
555 627 661 692 ἅπασι
703 639 773 700 σοῖς
816 630 948 701 ξυνοῦσι
980 619 1198 710 προελόμενοι,

68 799 71 804 ,
156 737 273 817 [τοῦτο
296 729 391 816 κακοὶ]
418 727 599 805 Πλάτωνός
627 754 659 795 ει
689 728 798 818 δόγμα
831 732 956 796 οἴονται
986 741 1105 805 ποιεῖν,
1142 727 1200 795 οὐκ

155 836 283 910 εἰδότες
306 837 396 910 ὅπως
418 834 436 900 ό
460 833 544 921 ίερδς
566 839 685 909 ἐκεῖνος
712 833 807 918 ἠξίου
828 830 939 907 κοινός
965 831 1121 921 ἡγεῖσθαι
1141 829 1200 907 τὰς

154 952 325 1028 γυναῖκας.
376 943 427 1007 19.
466 940 487 1005 δι’
515 942 581 1024 μὲν
609 938 670 1027 γὰρ
705 944 740 1005 ἐν
769 951 837 1012 τοῖς
872 936 1070 1023 συμποσίοις
1103 936 1201 1023 δρῶσι

154 1045 259 1108 καλό
280 1041 524 1129 μεδόσκονσαι,
556 1041 687 1129 μακρόν
709 1042 752 1108 ἂν
782 1045 831 1127 εἴη
854 1043 967 1131 λέγειν.
1015 1041 1068 1106 καί
1096 1048 1201 1107 ταῦτα

155 1156 312 1227 ποιοῦσι,
344 1155 413 1222 πῶς
442 1150 521 1228 oea·
554 1154 813 1236 κατηγοροῦντες
842 1144 937 1213 αὐτοὶ
964 1149 985 1186 ⁴*
1007 1146 1119 1230 μέθης
1148 1146 1201 1211 καί
1218 1166 1270 1220 375

155 1253 306 1340 μοιχείας
344 1254 397 1317 καί
437 1251 587 1342 λαγνείας
625 1253 678 1317 κάλ
717 1250 941 1339 φιλαργυρίας·
990 1249 1087 1316 οὐδὲν
1119 1257 1222 1337 γοῦν,

158 1356 265 1429 οὕτως
299 1356 404 1443 εὕροις
438 1356 480 1422 ἂν
510 1355 585 1422 ἄλλο
617 1355 698 1442 όίλλφ
729 1354 879 1421 ἐναντίον
902 1353 943 1429 ὡς
976 1350 1054 1429 τοὺς
1085 1350 1201 1442 λόγους

158 1459 270 1525 αὐτῶν
291 1461 344 1524 καί
365 1457 405 1525 αδ
430 1459 518 1548 ἔργα.
556 1456 626 1526 οίον
650 1460 820 1526 κολακείαν
841 1472 952 1543 μισεῖν
974 1483 1071 1544 φασι,
1104 1459 1201 1523 κολα-

157 1563 247 1638 κείας
275 1571 369 1629 ἕνεκα
399 1561 459 1631 τόν
488 1563 713 1650 Γναθωνίδην
740 1563 763 1648 ἢ
792 1560 852 1629 σόν
881 1561 1071 1647 Στρουθίαν
1099 1562 1201 1649 ὑπερ·
1290 1576 1294 1585 ’

159 1754 246 1814 αὐτόν
262 1758 370 1814 BAGM.
405 1754 505 1813 καίτοι
522 1759 551 1810 11
569 1764 632 1815 etv.
703 1757 783 1813 libri:
801 1758 986 1825 προθέμενοι,
1007 1752 1201 1826 Πλότωνόισι

160 1839 253 1913 δόγμα
273 1844 381 1896 οἴονται
397 1846 499 1897 ποιεῖν.
537 1847 568 1900 at
586 1865 673 1916 quum
692 1840 783 1913 δόγμα
800 1845 895 1896 ποιεῖν
911 1861 962 1899 nee
971 1844 1077 1900 dictum
1095 1846 1132 1899 sit
1149 1864 1200 1900 un·

158 1950 244 2001 quam
262 1949 350 2001 neque
367 1932 423 1987 dici
440 1933 539 2003 possit:
566 1934 692 2000 sequitur
715 1935 766 1987 eut
788 1933 905 1987 verbum
926 1932 1021 1983 ποιεῖν
1038 1934 1199 2001 corruptum

159 2035 225 2083 esse,
244 2036 315 2087 quae
324 2019 430 2073 Halmii
447 2020 586 2073 sententia
604 2020 666 2083 fuit,
685 2021 736 2073 aut
752 2020 783 2072 id
792 2019 866 2087 quod
884 2018 1045 2072 credibilius
1062 2022 1112 2082 est,
1131 2036 1200 2073 uon·

159 2104 232 2158 nihil
250 2091 388 2159 excidisse.
424 2105 489 2158 hinc
507 2106 646 2173 supplevi:
674 2105 850 2173 προθέμενοι
869 2099 961 2171 [τοῦτο
981 2101 1063 2171 κατὰ]
1081 2100 1200 2155 Πλάτω-

159 2187 207 2245 νός
223 2208 247 2240 τ.
269 2184 294 2242 δ.
315 2208 339 2240 ο.
359 2192 460 2256 ποιεῖν,
488 2191 635 2261 quaejam
659 2190 695 2246 ad
713 2191 839 2260 superius
857 2189 941 2244 illud:
966 2187 1037 2240 κατὰ
1054 2186 1105 2239 τόν
1118 2186 1200 2240 Ἰλιέα

161 2274 267 2329 ἐκεῖνον
289 2277 433 2327 νεανίσκον
459 2277 592 2332 concinne
615 2277 783 2332 referuntur.
822 2276 921 2331 similis
944 2275 1020 2330 locus
1046 2278 1138 2330 exstat
1161 2278 1201 2331 De

161 2363 280 2419 sacrific.
299 2362 315 2427 ἓ
334 2365 362 2418 5:
385 2391 418 2399 -
436 2362 506 2414 κατὰ
524 2362 590 2417 τοὺς
606 2360 729 2429 Περσῶν
751 2360 834 2413 τοῦτο
860 2367 906 2413 καί
920 2358 1071 2429 Ἀσσυρίων
1087 2360 1198 2427 νόμους,

161 2451 244 2519 plane
261 2452 355 2504 antem
372 2450 498 2520 geminus
515 2451 591 2505 locus
609 2451 644 2504 de
662 2451 758 2506 eadem
776 2448 854 2504 rein
872 2449 1006 2504 Convivio
1024 2447 1039 2514 θ
1058 2449 1107 2502 39:
1129 2448 1199 2500 κατὰ

160 2535 195 2587 τό
206 2531 337 2587 Πλάτωνι
357 2530 502 2587 δοκοῦντα.
577 2533 590 2587 ό
611 2530 685 2601 ἱερὸς
705 2533 818 2603 ἐκεῖνον]
843 2536 910 2592 olim
928 2535 1046 2591 conlatis
1064 2536 1111 2591 Ar.
1129 2536 1199 2591 lien.

161 2641 186 2678 r.
205 2624 257 2676 652
280 2623 398 2691 aliisque
421 2623 489 2678 locis
514 2619 585 2690 ἀνήρ
604 2623 670 2678 addi
686 2623 844 2678 volueram:
863 2620 877 2673 ὁ
904 2617 979 2688 ἱερὸν
996 2617 1100 2677 ἐκεῖνος
1117 2618 1197 2689 ἀνήρ,

161 2711 270 2778 praeter
287 2710 488 2765 necessitatem.
524 2727 589 2764 nam
608 2707 622 2760 ὁ
644 2704 719 2777 ἱερός
736 2710 815 2778 quasi
824 2708 964 2778 quoddam
977 2725 1132 2779 cognomen
1149 2712 1199 2775 est,

162 2798 193 2849 ut
210 2795 341 2866 Arignoti
358 2795 540 2865 Pythagorici
557 2797 588 2850 in
597 2796 782 2867 Philopseude
800 2794 867 2860 §aa
903 2795 985 2850 Plato
1002 2797 1096 2851 autem
1114 2796 1199 2850 etiam

162 2882 230 2937 alibi
255 2883 369 2937 honoris
395 2900 478 2938 causa
502 2883 541 2938 sic
563 2883 722 2954 adpellatus
747 2884 789 2937 est
819 2878 909 2949 (velut
935 2882 965 2936 in
989 2880 1200 2937 Pseudoluciani
1278 2938 1284 2943 ,

162 2968 310 3022 Amoribus
327 2967 343 3033 ἓ
362 2969 408 3023 31;
437 2965 530 3037 ὥσπερ
550 2965 564 3019 ό
584 2964 660 3036 ἱερὸν
678 2965 755 3021 εἶπεν
773 2965 862 3035 ἀνήρ),
887 2985 936 3023 nec
958 2968 1061 3023 mirum
1082 2968 1117 3021 de
1134 2968 1200 3023 Pla·
1275 3030 1278 3035 ¹
1376 3010 1377 3013 ,

163 3056 235 3117 tone,
261 3056 294 3107 ut
310 3055 414 3124 passim
437 3055 558 3111 creditus
575 3058 625 3122 est,
652 3056 739 3127 ipsius
762 3055 901 3124 Apollinis
923 3055 980 3110 filio
998 3053 1088 3125 (Diog.
1106 3054 1199 3109 Laert.

162 3140 208 3203 111,
227 3141 243 3192 3
266 3143 295 3194 et
316 3140 357 3194 ibi
379 3138 544 3211 Menegius).
571 3145 712 3198 caeterum
735 3142 874 3197 Lucienus
899 3158 955 3212 quo
980 3144 1105 3211 tempore
1130 3141 1199 3196 haec

162 3226 268 3295 scripsit
288 3228 323 3289 (a.
341 3228 399 3283 fere
419 3228 478 3293 166)
495 3227 586 3283 adhuc
602 3229 687 3285 fuisse
703 3228 816 3285 videtur
833 3228 1001 3283 Platonicus.

232 3317 271 3372 19,
306 3310 431 3384 ποιοῦσι]
449 3316 580 3367 ποιοῦσιν
596 3332 621 3371 a.
693 3312 786 3385 είίροει
804 3312 973 3371 iivBelinus.
1009 3315 1078 3372 libri
1096 3310 1195 3382 εὕροις.

238 3399 319 3470 φασι]
340 3407 432 3470 φασίν,
453 3403 477 3457 Α
497 3403 549 3461 (ite
567 3398 611 3470 Α),
686 3401 737 3453 τόν
754 3403 846 3453 Γναδ.
865 3397 925 3467 ἢτ,
946 3400 1024 3469 lep]
1042 3403 1127 3456 schol.
1145 3403 1198 3457 Pa·

165 3490 262 3544 usinus
281 3489 452 3545 Bachmanni
472 3489 584 3553 (Anecd.
602 3489 629 3543 II
645 3508 672 3558 p.
691 3490 751 3553 345,
770 3484 816 3556 26)
839 3492 868 3543 et
888 3489 1016 3544 similiter
1034 3489 1199 3544 Vossianus:

165 3563 207 3628 ὅτι
230 3570 412 3642 Γναθωνίδης
445 3581 492 3626 καί
519 3576 662 3643 Στρεδίαε
690 3570 816 3626 κολάκων
841 3564 914 3640 ἦσαν
937 3569 968 3625 σί
993 3578 1198 3643 περιφανέστα-

164 3682 214 3715 τοι,
252 3682 371 3735 quorum
388 3663 469 3729 alter,
487 3664 656 3731 Στρουθίας,
675 3663 793 3733 parasiti
809 3662 909 3717 concis
926 3678 1045 3733 persona
1061 3663 1154 3720 fuerat
1171 3666 1201 3720 in

165 3751 306 3808 Menandri
324 3751 423 3807 fabula
439 3750 572 3805 ΚΟΛΑΞ
587 3748 643 3822 (ap.
653 3750 823 3806 Meinekium
840 3748 950 3819 Fragm.
964 3768 990 3819 p.
1010 3750 1044 3803 99
1061 3751 1127 3806 sdI
1143 3752 1201 3806 sive

166 3840 271 3909 Fragm.
290 3839 365 3894 Com.
384 3839 424 3892 IV
441 3857 468 3907 p.
489 3836 556 3905 152).
591 3838 675 3909 hrrjus
693 3837 828 3893 dramatis
847 3838 957 3905 partem
974 3836 1119 3892 Terentius
1138 3837 1200 3903 ,Eu-

167 3923 259 3980 nucho‘
287 3926 325 3980 sic
351 3927 476 3993 inseruit,
503 3927 536 3981 ut
563 3929 658 3981 tamen
685 3927 733 3993 qui
761 3925 900 3994 parasitus
928 3923 1080 3980 Menandro
1107 3924 1201 3981 fuerat

167 4012 328 4078 Στρουθίας,
348 4013 371 4067 ἱε
386 4013 446 4083 jam
464 4013 576 4069 nomine
593 4014 703 4069 mutato
721 4013 796 4081 apud
809 4012 969 4068 Terentium
987 4012 1058 4065 esset
1070 4008 1201 4076 ‚Gnatho‘

167 4090 206 4158 (ut
222 4098 256 4161 Π,
277 4099 299 4163 1,
318 4097 362 4163 22)
379 4102 408 4153 et
425 4098 554 4168 discipuli
573 4100 633 4169 ejus
650 4096 1029 4178 commentitii‚(inathonici‘
1050 4098 1094 4164 λΠ,
1112 4099 1137 4162 2,
1148 4095 1199 4165 33).

168 4183 230 4252 quin
248 4183 418 4248 ‚Gnathonis
437 4203 584 4253 personam
601 4186 674 4241 unde
691 4186 844 4252 Terentius,
871 4186 994 4241 indidem
1017 4185 1067 4241 alii
1090 4201 1200 4255 quoqne

168 4274 327 4337 sumserunt,
351 4270 440 4327 veluti
457 4272 625 4330 Plutarchus
643 4273 767 4344 Sympos.
785 4273 847 4341 vn,
865 4276 890 4341 6,
908 4274 938 4329 2:
964 4267 1151 4337 ἀνελεύθερον
1170 4260 1201 4323 εδ
