3086 5154
1220 426 1275 484 vu

238 611 354 678 ODVT
382 616 414 676 et
443 630 484 675 ea
509 609 611 675 altera
644 607 788 675 codicum
816 607 1060 675 annianum
1086 611 1276 699 (Parisinus)

238 731 369 798 GUXY.
420 731 469 795 Ex
490 731 604 813 quibus
625 729 730 795 adirem
758 736 832 813 tres,
855 730 889 794 iu
910 729 961 795 his
982 749 1063 796 unus
1086 732 1223 817 optimus
1244 734 1275 799 D

238 853 451 918 Baroccianus
469 851 538 935 (qui
555 851 654 916 multa
671 850 767 917 habet
778 849 938 916 scribendi
948 851 1138 936 compendia
1149 860 1183 919 ut
1194 876 1221 919 c.
1236 856 1276 920 15

239 981 270 1040 ct
285 996 311 1039 c.
327 973 380 1058 17)
403 979 435 1037 ct
453 971 512 1037 Φθι
534 971 653 1056 optime
670 971 796 1037 excussi
817 978 899 1037 sunt.
944 972 1115 1038 Praeterea
1136 974 1188 1041 bic
1210 974 1277 1042 dia·

239 1097 339 1179 logus,
362 1094 444 1159 sicut
465 1091 508 1158 ad
530 1112 557 1157 c.
579 1093 621 1157 21
643 1092 793 1175 indicaui,
815 1092 1024 1159 inVaticanis
1046 1093 1132 1179 (ils)
1152 1095 1277 1181 legitur,
1416 1136 1423 1155 Ι

239 1236 318 1299 quos
339 1213 479 1280 nondum
508 1213 560 1279 bic
589 1213 721 1280 collatos
744 1233 814 1279 esse
835 1212 938 1279 doleo.
988 1215 1135 1298 Denique
1157 1236 1176 1281 o
1196 1217 1277 1282 llar-

239 1338 330 1402 ciano
367 1334 407 1400 ll
444 1356 567 1421 paucae
607 1333 712 1401 adhuc
744 1335 896 1400 lectiones
932 1334 974 1401 ab
1011 1336 1276 1403 Sommcrbrodtio

239 1466 346 1524 nostro
383 1456 527 1542 (Lucian.
562 1455 661 1521 Codd.
700 1456 797 1521 Marc.
838 1477 870 1541 p.
913 1456 988 1542 100)
1028 1455 1155 1523 adlatae
1193 1464 1275 1523 sunt.

239 1579 380 1656 Quatuor
420 1578 475 1643 alii
514 1577 595 1661 libri,
635 1578 690 1643 Bis
730 1578 914 1663 Accusatus,
962 1578 1107 1645 Vitarum
1151 1578 1275 1663 Auctio,

239 1700 382 1766 Piscator
404 1705 435 1765 ct
457 1699 625 1784 Menippus
647 1698 834 1765 industriam
855 1718 960 1764 meam
981 1699 1104 1764 naviter
1132 1719 1278 1765 exercue-

239 1828 320 1886 runt.
379 1819 427 1884 Ac
467 1821 603 1906 primum
642 1821 676 1885 in
716 1820 781 1904 ,Bis
824 1820 991 1886 Accusato‘
1038 1819 1179 1905 codices,
1224 1822 1278 1904 qui

240 1941 366 2024 quidem
399 1946 497 2006 totum
531 1941 789 2027 complectantur,
822 1941 1020 2027 potissimum
1048 1947 1121 2006 sunt
1150 1940 1277 2006 decem:

238 2061 293 2127 Ac
301 2059 560 2127 subvinea
600 2061 646 2147 (in
678 2061 728 2127 bis
766 2082 878 2127 recens
919 2062 1026 2127 collati
1059 2062 1198 2146 quinque
1230 2062 1278 2127 bi:

239 2181 427 2267 ΑΨΏΦΜ).
478 2182 689 2268 Posteriorem
710 2188 833 2267 partem
863 2181 917 2268 (ab
939 2181 1045 2247 verbis
1075 2202 1102 2247 c.
1124 2183 1166 2247 21
1189 2182 1278 2248 med:

240 2302 333 2389 μέχρι
353 2308 414 2366 τοῦ
435 2298 535 2388 λόγου
563 2302 606 2369 ad
634 2322 746 2369 uocem
775 2324 802 2368 e.
826 2304 867 2367 31
890 2302 948 2366 fin:
978 2300 1139 2389 μοιχείας)
1161 2303 1277 2389 partim

240 2423 335 2488 etiam
367 2422 581 2488 Baroccianus
614 2423 723 2489 Solani
757 2422 815 2508 (D)
849 2422 986 2488 exhibet.
1048 2422 1112 2487 Sed
1151 2442 1192 2487 ex
1229 2423 1279 2490 his

239 2542 385 2609 undecim
408 2542 569 2608 codicibus
598 2542 661 2608 duo
684 2543 771 2629 (UY)
793 2564 863 2609 raro
885 2542 1095 2628 nominantur,
1117 2550 1280 2629 praestant

240 2665 372 2730 caeteris
408 2662 564 2728 nosrnv
600 2670 631 2730 et
663 2663 820 2729 interdum
850 2665 889 2749 T,
922 2670 1081 2749 postremo
1114 2662 1279 2730 deterioris

238 2784 378 2851 familiae
400 2790 474 2850 sunt
495 2791 574 2849 tres:
597 2781 711 2849 mnu.
761 2784 822 2849 Hic
851 2792 957 2851 autern
986 2784 1133 2869 dialogus
1156 2791 1204 2850 est
1224 2785 1279 2850 ille

240 2905 368 2989 quidem
389 2905 469 2971 liber
491 2904 647 2990 egregius,
670 2903 728 2970 scd
750 2926 821 2971 raro
844 2904 956 2990 edibus,
979 2926 1000 2970 a
1021 2905 1189 2991 perpaucis
1210 2905 1278 2971 vix-

240 3026 315 3092 dum
336 3026 448 3091 leviter
470 3025 623 3111 explicari
646 3032 776 3111 coeptus
805 3026 995 3108 omninoque
1016 3025 1058 3090 ab
1079 3026 1159 3112 ipsis
1181 3027 1278 3091 etiam

241 3148 358 3213 criticis
375 3147 453 3212 mire
465 3147 639 3231 neglectus.
671 3146 798 3211 Initium
813 3147 950 3212 maxime
970 3145 1043 3211 libri
1058 3153 1107 3213 est
1118 3144 1278 3229 quoddam

240 3270 370 3353 Augeae
384 3267 551 3353 stabulum,
573 3268 607 3333 in
629 3288 691 3350 quo
707 3268 825 3334 criticis
847 3266 1031 3334 tantundem
1045 3287 1146 3353 prope
1159 3267 1277 3332 laboris

241 3389 490 3456 exhauriendum
512 3397 569 3474 est,
591 3390 683 3472 quasi
704 3410 863 3473 uunquam
881 3389 978 3471 visus,
1000 3408 1162 3471 nunquam
1174 3387 1278 3453 editus

241 3519 333 3579 esset.
385 3511 477 3596 Quid
507 3511 591 3594 quod
621 3532 661 3577 nc
683 3510 877 3577 Gorliecnsis
905 3509 1033 3594 quidem
1055 3510 1119 3595 (A),
1149 3510 1204 3592 qui
1225 3509 1277 3575 hic

241 3635 309 3701 sine
345 3634 558 3701 controversia
594 3653 675 3699 unus
704 3633 843 3699 omnium
873 3631 1016 3699 codicum
1046 3631 1182 3715 optimus
1220 3636 1276 3715 est,

240 3757 281 3823 ab
310 3756 383 3822 aliis
414 3756 493 3821 bene
522 3755 655 3821 collatus
684 3761 760 3820 erat.
808 3755 837 3817 A
864 3774 927 3838 quo
949 3751 1060 3817 codice
1080 3751 1139 3816 etsi
1161 3750 1277 3834 ubique

240 3878 504 3966 proficiscendum
526 3883 585 3962 est,
613 3882 718 3942 tamen
746 3882 780 3940 ut
801 3874 881 3940 vitia
901 3875 1038 3960 primum
1058 3872 1224 3937 nascentia
1246 3878 1278 3938 et

240 4001 358 4067 sensim
379 4006 473 4066 aucta
500 4018 683 4084 cognoscas,
712 3997 903 4080 reliquorum
931 3995 1105 4080 scripturae
1126 3993 1276 4059 librorum

241 4142 350 4189 omnes
382 4119 613 4188 examinandae
641 4126 722 4185 sunt.
780 4118 849 4196 Quo
884 4118 967 4183 facto
995 4115 1075 4182 hacc
1107 4117 1277 4181 lectionum

241 4243 334 4309 turba
361 4243 395 4309 in
423 4243 503 4310 locis
530 4240 690 4308 mendosis
719 4241 811 4323 quasi
839 4239 949 4305 nidum
970 4236 1109 4321 aliquem
1131 4237 1277 4302 vitiorum
