3066 5162
1225 339 1250 389 V

209 484 293 551 295⁴
318 492 495 551 ramentas
522 486 627 550 simibs
656 494 705 551 est
732 488 822 552 etad
850 488 1011 552 mistorum
1039 489 1174 554 codicum
1198 490 1248 553 la-

208 610 316 672 miiiam
338 608 480 695 pertinet,
509 614 543 673 ut
566 608 622 670 alia
643 609 674 670 in
696 609 760 673 aliis
790 609 918 693 dialogis
940 612 1007 692 eius
1030 617 1062 673 ct
1084 613 1247 674 auctoritas

207 732 248 793 sit
275 736 307 794 el
334 728 404 793 lons
431 730 499 812 ipsa
528 729 631 811 dispar
659 735 690 792 el
719 747 794 793 usus
824 730 916 814 longe
946 730 1096 797 diversus.
1150 732 1247 806 Quum

207 852 286 915 cuba
314 851 346 913 in
369 851 414 914 eis
444 850 582 934 dialogis,
610 868 738 932 quorum
762 850 941 932 purissimus
971 852 1039 916 lons
1063 859 1121 933 est,
1150 854 1248 936 ipsum

206 973 414 1036 Gorlioensem
437 972 551 1033 vincat:
573 971 650 1033 idem
671 973 703 1035 in
725 971 800 1050 aliis,
823 977 856 1036 ιιι
878 972 1018 1052 iuliade,
1041 975 1071 1037 in
1087 992 1148 1057 quo
1163 976 1246 1039 Gor-

206 1095 328 1156 licensis
356 1110 456 1174 usquo
483 1091 581 1154 adhuc
608 1093 707 1155 codex
740 1099 789 1156 cst
818 1111 896 1158 unus
925 1095 1057 1158 omnium
1088 1096 1246 1159 excellen-

205 1215 351 1292 tissimus,
380 1213 473 1297 longo
494 1214 609 1276 minore
631 1212 776 1296 dignitate
798 1220 847 1276 est
868 1220 899 1278 el
920 1222 1018 1279 scatet
1045 1216 1245 1299 glossematis.

207 1335 294 1399 llunc
321 1335 415 1417 igilur
440 1334 573 1397 codicem
603 1353 630 1396 a.
657 1332 741 1397 1828
769 1340 879 1418 rogatu
908 1354 977 1399 meo
1000 1337 1179 1400 Franciscus
1207 1338 1244 1401 de

205 1457 295 1521 Furia
317 1474 384 1519 com
415 1454 547 1518 editione
569 1455 721 1518 Reituiana
749 1456 909 1539 diiigenter
938 1457 1080 1536 contulit,
1107 1458 1186 1521 sicut
1214 1464 1246 1521 el

205 1577 326 1641 oobatio
348 1576 414 1658 ipsa
436 1582 469 1639 et
489 1576 615 1641 aliorum
638 1576 773 1640 codicum
795 1577 885 1640 lectio
916 1579 1110 1642 consentiens
1134 1579 1245 1660 ubique

205 1698 368 1762 declarant.
412 1697 543 1761 Pericula
572 1697 717 1779 quaedam
740 1698 881 1761 omisisse
908 1698 1044 1762 videtur:
1072 1718 1149 1781 quac
1172 1701 1244 1782 qui·

204 1820 274 1882 dam
302 1819 452 1897 enotavit,
485 1817 630 1900 pleraque
659 1819 757 1881 omnia
788 1825 847 1881 tem
880 1826 1021 1883 accurate
1048 1821 1177 1899 notavit,
1212 1827 1246 1884 ut

205 1939 384 2022 saepissime
397 1940 487 2002 etiam
510 1939 629 2003 silentio
652 1932 804 2003 confidere
826 1940 923 2003 liccat.
958 1940 1088 2004 Omnino
1104 1941 1184 2023 quod
1207 1943 1244 2004 ad

205 2061 292 2124 fidem
315 2060 466 2123 Francisci
494 2059 532 2123 do
560 2062 592 2126 tt
622 2060 830 2125 collationibus
858 2060 1024 2125 babendum
1054 2063 1175 2141 attinet,
1206 2064 1243 2125 ob

206 2183 300 2245 atroci
340 2183 534 2245 accusatione
572 2182 610 2243 lt.
643 2181 806 2245 llircbbolli
839 2183 965 2246 Proclal.
999 2184 1036 2246 ad
1069 2183 1201 2265 Euripid.
1231 2182 1244 2246 1

207 2324 236 2385 p.
259 2303 297 2366 vt
319 2321 366 2384 sq.
389 2311 421 2366 cl
443 2322 472 2385 p.
496 2301 537 2365 lx
559 2320 605 2384 sq.
631 2309 787 2385 tantopere
811 2304 971 2382 abhorreo,
993 2311 1028 2369 ιιι
1049 2306 1080 2367 irs
1102 2306 1243 2387 Euripide

208 2442 344 2507 magnam
373 2428 487 2505 partem
516 2423 621 2505 culpae
652 2423 689 2486 A.
721 2423 881 2487 blallbiaeo
911 2425 1078 2489 attribuam.
1131 2425 1242 2488 Omnes

109 2539 117 2545 ’
207 2546 284 2609 onim
306 2544 457 2609 Franclsci
480 2544 518 2607 de
540 2544 572 2606 F.
595 2543 787 2623 collationes,
816 2562 891 2626 quas
921 2545 1059 2627 equidem
1082 2547 1244 2629 explorare

208 2667 366 2748 potuerim,
388 2665 552 2749 singularis
575 2664 745 2748 diligentiae
776 2665 892 2727 laudem
923 2674 1077 2731 irrorantur
1106 2674 1139 2730 ut
1168 2668 1244 2745 illae,

207 2788 314 2870 quibus
337 2788 373 2850 G.
395 2785 586 2865 iliodorlius,
610 2785 705 2868 judex
735 2786 823 2869 plane
851 2787 979 2850 idoneus
1002 2788 1045 2850 uti
1068 2807 1129 2850 uon
1151 2789 1242 2852 dubi-

178 2910 288 3001 olevit.

270 3030 332 3094 Sex
354 3030 491 3093 codicum
514 3029 715 3092 Parisinorum
745 3047 780 3091 ea
803 3029 963 3091 collatione
993 3031 1086 3113 vulgo
1108 3036 1243 3109 cuntur,

206 3170 295 3234 quan
324 3151 362 3214 ab
389 3169 424 3213 se
451 3150 557 3212 laetam
580 3140 703 3213 Belinds
733 3149 771 3212 de
799 3149 895 3228 Ballu,
932 3150 1022 3213 bomo
1050 3151 1107 3215 lide
1138 3169 1243 3234 parum

205 3274 326 3356 dignus,
350 3271 468 3335 Parisiis
492 3290 518 3334 a.
545 3268 628 3335 1788
650 3290 718 3335 cum
741 3269 809 3353 ipso
828 3270 960 3334 Lucieno
982 3271 1083 3334 edidit.
1129 3273 1174 3334 Ex
1196 3273 1242 3334 bis

206 3392 481 3476 praestantissimus
493 3392 541 3455 illc
553 3398 611 3471 esl,
623 3393 674 3474 qui
687 3390 769 3455 :tttlt
785 3399 960 3456 nunrcrolur
972 3392 1043 3472 (C),
1056 3411 1136 3457 saec.
1146 3393 1243 3471 tillio,

205 3516 362 3578 mammam
374 3520 488 3597 partem
501 3514 709 3596 bombycinus,
721 3513 775 3577 sed
788 3514 817 3576 in
828 3514 888 3577 lino
907 3514 1037 3593 mutilus,
1060 3515 1099 3577 ila
1115 3520 1149 3578 ul
1160 3522 1243 3578 certa

206 3636 398 3701 mutilationis
421 3636 509 3719 signa
530 3641 662 3700 exstent.
708 3635 803 3698 llodic
826 3636 967 3718 antiquus
997 3637 1095 3700 codex
1117 3637 1243 3701 duorum

205 3758 328 3822 aliorum
350 3760 497 3841 partibus,
520 3758 628 3840 quibus
650 3756 706 3819 alia
722 3756 872 3820 lucianea
892 3757 1094 3837 continentur,
1117 3759 1242 3821 adnexis

204 3886 305 3943 sartos
335 3885 398 3959 est,
434 3879 560 3962 primum
588 3878 768 3942 membranis
796 3896 961 3960 paucorum
992 3880 1146 3958 loliorum,
1179 3886 1242 3943 turs

205 4001 285 4064 tertii
306 4001 420 4065 codicis
442 4007 529 4084 parto
551 4002 665 4084 majore
687 4002 815 4083 ejusque
831 4000 990 4064 chartacei.
1036 4000 1120 4075 Quae
1143 4001 1241 4064 omnia

204 4124 409 4201 mnumeres,
439 4120 482 4185 74
511 4123 725 4205 opusculorum
755 4137 870 4185 summa
898 4122 1054 4186 efficietur.
1107 4122 1149 4185 At
1175 4123 1241 4205 ipse

205 4245 314 4323 codes,
345 4262 406 4327 qua
434 4245 631 4327 bombycinus
663 4249 727 4321 cst,
757 4244 794 4305 ab
824 4240 992 4308 Gorllcensi
1021 4244 1094 4307 nilril
1125 4244 1242 4307 videtur

205 4366 335 4431 dfferre:
363 4366 440 4430 adeo
464 4366 573 4450 ubique
603 4365 690 4429 ambo
713 4366 851 4431 omnibus
874 4366 904 4429 in
934 4365 1016 4429 libris
1038 4365 1241 4444 consentiunt,

205 4488 255 4571 qui
275 4489 307 4553 in
329 4493 461 4571 utroque
483 4487 588 4552 codice
610 4488 761 4573 leguntur.
808 4488 963 4563 Quaeres
994 4493 1054 4551 lam
1084 4487 1240 4551 manifesta
