2952 5166
574 321 810 373 sanemur.
856 328 860 333 ·
1134 289 1209 361 229

169 493 204 555 εἰ
234 491 288 556 καί
320 486 369 575 μή
404 489 507 576 [ἀνθ’]
543 484 589 556 τόν
619 489 731 576 βελτίω
766 488 938 577 ἀπέφηνα,
972 470 1101 576 μισθόν
1133 487 1209 575 παρ’

168 591 269 677 ὑμῶν
300 594 423 680 λαβεῖν,
467 593 528 660 ἀλλ’
565 589 626 660 οὖν
659 593 788 661 ἐκείνων
819 621 872 683 γε,
915 596 938 663 ἀ
974 592 1024 681 μή
1058 593 1212 678 δέδρακεν

171 694 374 783 αἰδούμενος
417 697 623 785 φιλοσοφίαν.
677 700 748 764 ἐπεὶ
784 699 839 765 καὶ
878 703 912 765 σί
946 698 1059 765 τίτθαι
1102 695 1213 764 τοιάδε

169 801 300 890 λέγουσι
338 802 412 888 περί
450 811 517 869 των
548 801 700 883 παιδίων,
743 801 785 877 ὡς
825 802 1002 886 ἀπιτητέον
1037 799 1148 876 αὐτοῖς
1181 806 1213 875 ἐς

171 903 382 972 διδασκάλου·
429 907 482 971 καί
513 904 576 996 γάρ
611 904 653 971 ἀν
687 906 826 993 μηδέπω
859 913 987 992 μαθεῖν
1020 902 1153 995 ἀγαθόν
1181 932 1212 972 τι
1277 950 1283 963 ·

172 1005 353 1089 δύνωνται,
392 1008 456 1076 ἀλλ’
488 1005 550 1076 οὖν
578 1006 706 1096 φαῦλόν
739 1010 764 1098 y'
798 1009 895 1077 οὐδὲν
923 1007 1122 1093 ποιήσουσιν
1150 1014 1214 1074 ἐκεῖ

169 1114 340 1197 μένοντες.
386 1113 446 1204 ἕνα)
468 1118 533 1201 μέν
556 1109 617 1182 σάν
637 1113 679 1180 τά
702 1114 782 1181 ἀλλα
803 1113 917 1181 πάντα
939 1112 1132 1197 ἀποπλῆσαί
1151 1137 1213 1199 μοι

172 1214 271 1295 δοκῶ,
302 1218 355 1283 καί
385 1217 480 1286 ὅντιν’
511 1217 554 1285 ἀν
584 1220 699 1308 ἐθέλῃς
728 1227 793 1286 τῶν
822 1217 953 1285 εἰδότων
983 1215 1024 1284 τά
1052 1216 1209 1302 ήμέτερα,

169 1314 231 1406 ήκέ
251 1348 312 1408 μοι
333 1328 366 1398 ἐς
389 1321 505 1408 αὔριον
526 1321 738 1410 παραλαβών,
772 1320 847 1406 όφει
868 1347 904 1389 τε
926 1322 1015 1396 ὅπως
1037 1325 1138 1407 ἐρωτᾷ
1159 1322 1213 1386 καί
1327 1352 1341 1373 κ

171 1432 244 1502 πῶς
283 1426 494 1513 ἀποκρίνωσι
525 1427 579 1493 καί
613 1428 675 1493 ὅσα
708 1425 906 1513 μεμάθηκε,
952 1426 1006 1491 καί
1051 1426 1113 1519 ὅσα
1145 1422 1210 1507 ήδη

172 1527 332 1618 ἀνέγνωκε
358 1531 485 1618 βιβλία,
522 1532 597 1617 περί
631 1530 833 1617 ἀξιωμάτων,
871 1530 946 1617 περί
977 1529 1209 1617 συλλογισμῶν,

171 1634 248 1719 περί
271 1637 291 1675 ί*
313 1632 536 1720 καταλήψεως,
561 1636 637 1721 περί
657 1632 866 1720 καθήκοντος
887 1635 940 1700 καί
964 1631 1043 1699 ἄλλα
1065 1631 1281 1708 astrilogus

171 1805 271 1878 βελτίω
294 1811 351 1872 ΕΩ,
379 1805 477 1879 βελτίω
502 1809 570 1880 (sine
593 1812 686 1881 priore
712 1808 791 1880 voce)
814 1812 848 1866 H.
889 1812 1038 1883 vulgatum
1061 1798 1108 1870 ὦν,
1137 1810 1213 1880 quod
1265 1830 1268 1841 ¹

172 1914 272 1967 graece
290 1899 397 1953 dietum
420 1915 500 1970 nego,
525 1899 645 1955 editores
662 1900 820 1968 probarunt
841 1898 950 1966 decepti
967 1914 1041 1954 vana
1057 1898 1147 1969 speeie
1163 1897 1213 1951 ad·

171 1983 326 2040 tractionis.
362 1985 410 2039 sed
419 1983 556 2040 Lucienus
574 1981 637 2036 ἀνθ
658 1974 697 2035 ἀν
714 1980 812 2053 βελτίω
824 1984 978 2053 scripserat.
1013 1984 1077 2039 vide
1094 1983 1213 2052 exempli

174 2084 258 2124 cauea
275 2070 308 2126 D.
327 2070 409 2126 Mori.
428 2070 516 2135 XXII,
537 2073 565 2126 l:
585 2067 701 2131 ἀπόδος,
722 2076 804 2137 φημί,
826 2067 894 2121 ἀνθ’
915 2059 955 2121 σίν
972 2087 1001 2122 σε
1022 2065 1211 2136 διεπορθμεόι

176 2172 264 2222 ταμεν
282 2150 361 2223 (h.e.·
375 2151 436 2206 ἀντὶ
453 2152 568 2217 τούτων,
590 2152 697 2225 ότι-),
767 2161 814 2206 καὶ
832 2153 864 2206 αἱ
878 2153 985 2222 τίτθαι]
1004 2161 1051 2207 καὶ
1070 2148 1214 2207 αἰτεῖσθαι

176 2241 300 2312 (spiritus
325 2244 354 2296 et
377 2244 507 2298 accentus
531 2244 562 2297 in
579 2240 641 2309 raa.)
658 2244 693 2298 H.
728 2243 824 2294 τιτθαὶ
842 2242 1001 2297 Dindorfiua
1017 2241 1071 2296 hoc
1088 2242 1211 2297 accentu.

245 2323 359 2379 ἀπιτέον
378 2326 506 2395 αὖτοῒιγ,
525 2324 641 2381 ἀπιτέον
660 2325 731 2381 αὐτὰ
742 2329 774 2396 G,
794 2325 944 2393 ἀπιτητέον
958 2324 1052 2383 αὐτοῖς
1060 2327 1119 2393 ΩΗ,
1138 2328 1213 2397 qnod

174 2415 273 2481 recepi.
307 2415 355 2469 sed
374 2411 624 2484 reciprocetur
646 2434 753 2472 merum
776 2432 833 2471 esee
850 2417 918 2484 puto
938 2431 1060 2470 errorem
1077 2430 1166 2484 neque
1182 2414 1212 2468 in

174 2516 207 2555 eo
231 2500 403 2556 afficientium
426 2501 501 2557 huna
522 2502 624 2558 latere:
649 2499 786 2569 ἀπιτητέα
804 2498 904 2557 circis.
974 2498 1091 2569 καὶγὰρ
1111 2496 1145 2551 ἓν
1160 2517 1212 2570 pro

174 2587 286 2659 uulgari
303 2584 355 2640 κᾶν
371 2585 425 2657 γάρ
434 2588 571 2644 Lucienus
589 2588 675 2645 όαόοτ
684 2590 746 2659 plus
764 2590 858 2656 semel,
874 2604 962 2658 neque
979 2589 1048 2654 erat,
1067 2587 1143 2657 quod
1159 2588 1213 2642 hoc

174 2690 232 2728 uno
247 2674 308 2729 loco
326 2670 378 2725 suiv
394 2671 447 2743 γάρ
466 2675 588 2732 Cobetus
604 2675 638 2732 V.
656 2676 686 2730 L.
704 2694 732 2745 p.
753 2677 801 2731 147
820 2675 977 2746 conjiceret.
1058 2670 1168 2743 ἀγαθόν
1184 2690 1212 2724 τι

176 2754 321 2827 δύνωνται]
339 2778 367 2812 τι
385 2778 430 2816 om
441 2761 475 2818 H.
545 2762 614 2818 libri
632 2757 691 2813 ἀλλ’
713 2752 763 2813 οάν
780 2757 896 2829 φαῦλον.
933 2762 1038 2831 optime
1055 2778 1121 2817 veto
1140 2760 1212 2815 idem

175 2847 294 2903 Cobeiua
311 2844 345 2903 V.
363 2848 392 2905 L.
411 2868 438 2919 p.
450 2849 513 2904 147:
534 2844 589 2900 ἀλλ’
610 2839 660 2902 σάν
678 2845 787 2917 φαῦλόν
803 2847 825 2918 y‘
846 2877 889 2899 -.
927 2844 986 2899 έκιῖ
1001 2849 1130 2914 μένοντες
1146 2846 1213 2901 libri

176 2933 323 2988 resisume.
359 2934 434 2988 οἴκοι
450 2937 579 3002 μένοντες
596 2937 716 2993 Cobetus
734 2937 767 2991 V.
785 2937 815 2992 L
833 2936 922 3006 ρ.147
940 2934 1061 3005 conjecit
1076 2935 1138 2989 loco
1156 2951 1212 2989 non

176 3036 241 3075 sane
258 3020 409 3076 intellecto.
481 3019 643 3089 ἀναπλῆσαι
659 3022 727 3080 libri
744 3041 839 3080 omues
853 3024 936 3089 recte,
954 3022 1067 3077 tametsi
1075 3020 1212 3075 Luciacus

176 3106 266 3161 dicere
282 3107 376 3175 potius
393 3104 687 3176 εσΙοίιάπαπληρῶσαι.
760 3106 840 3162 ὅντιν’
862 3105 938 3175 ἀνΗ,
957 3103 1051 3159 όντινα
1071 3104 1142 3162 ἀντ.

176 3188 310 3260 ἡμέτερα]
328 3189 448 3261 ὑμέτεροι
466 3194 499 3250 G.
568 3193 779 3263 μιμόθηιιενΗ.
849 3197 917 3253 libri
933 3200 1001 3263 περὶ
1017 3191 1209 3260 καθηκόντων.

177 3281 207 3335 ai
223 3279 368 3350 Memgiuu
391 3281 428 3334 ad
445 3281 526 3352 Diog.
543 3282 574 3338 Is.
592 3282 688 3349 VIM
710 3287 778 3349 περὶ
794 3279 969 3348 καθήκοντος
991 3283 1061 3338 bene
1078 3281 1211 3341 restituit.

177 3383 240 3421 nam
263 3366 335 3422 Zeno
357 3367 496 3436 multique
521 3368 571 3424 ulii
592 3367 679 3424 Stoici
704 3369 792 3425 libros
814 3369 959 3425 ediderant
986 3369 1025 3425 sic
1050 3369 1211 3440 inscriptos:

177 3458 241 3519 περὶ
263 3451 313 3503 τοῦ
333 3450 520 3518 καθήκοντος,
549 3471 633 3524 quam
655 3472 713 3509 rem
737 3455 844 3511 nescire
865 3455 1004 3511 Lucienus
1026 3454 1105 3509 nullo
1128 3452 1212 3510 modo

176 3541 293 3607 murat.
329 3540 377 3596 aad
394 3540 442 3610 qui
460 3540 671 3597 inHermotimo
688 3547 755 3610 περὶ
772 3539 956 3609 καθηκόντων
973 3542 1128 3606 servarunt,
1153 3541 1212 3595 vel·

177 3626 218 3681 uti
235 3626 264 3683 O.
282 3625 363 3682 Beier
380 3627 418 3681 ad
435 3626 490 3683 cic.
509 3628 550 3683 Dc
568 3628 645 3685 effic.
662 3630 677 3684 Ι
694 3648 721 3699 p.
734 3629 822 3697 XXV,
848 3629 949 3685 vellem
965 3630 1019 3684 hoo
1036 3629 1110 3683 certe
1127 3627 1211 3682 dixis-

177 3716 245 3779 sent,
274 3713 308 3767 de
326 3710 440 3780 ,officiis‘
458 3713 612 3771 lucianum
635 3716 725 3786 ipsum
748 3713 912 3781 καθήκοντα
928 3716 959 3771 in
975 3715 1078 3784 plurali
1097 3730 1212 3770 numero

177 3817 277 3869 ponere
294 3800 389 3856 solere.
469 3801 630 3869 παρθένους
648 3798 805 3870 συνήρπαζε
823 3822 850 3870 v,
877 3804 924 3859 sed
947 3803 1094 3871 παρθένον
1112 3797 1211 3869 σννήρ-

178 3885 247 3948 rats
265 3888 300 3954 Η,
318 3890 351 3944 ut
369 3904 421 3960 ego
439 3889 506 3945 olim
523 3890 704 3960 conjeceram.
739 3908 829 3961 neque
846 3892 920 3947 enim
937 3890 1031 3960 plures
1050 3891 1134 3947 homo
1151 3889 1211 3955 iste,

179 3974 223 4028 sed
240 3991 325 4031 unam
341 3976 480 4046 virginem
497 3974 667 4043 (Echecratis
683 3978 779 4045 illium,
803 3982 837 4035 ut
853 3980 896 4035 est
912 3976 928 4046 ὅ
944 3978 978 4033 81
996 3976 1068 4041 init.)
1087 3979 1211 4035 vitiarat

178 4061 255 4129 atqui
272 4061 357 4131 hujus
373 4064 502 4134 magistri
519 4082 576 4120 non
593 4067 636 4120 est
653 4065 769 4121 cumina
785 4065 914 4137 discipuli
923 4065 1083 4121 mentiendo
1092 4080 1211 4136 exagge-

179 4163 246 4212 rare,
263 4148 311 4202 sed
328 4149 421 4216 potius
438 4150 542 4217 eedem,
561 4152 583 4205 si
592 4153 688 4220 possit,
699 4152 821 4219 elevare,
838 4155 988 4210 extenuare
1005 4154 1034 4209 et
1041 4153 1133 4208 verbis
1141 4152 1211 4209 mol-

179 4233 235 4299 lire,
253 4250 309 4305 quo
326 4235 409 4291 citius
425 4236 571 4304 pecuniam
588 4238 716 4307 accipiat.
804 4238 808 4249 '
