3108 5166
1193 382 1254 435 ,VII

217 559 344 636 exstitit,
367 575 427 619 non
451 556 541 620 modo
562 556 614 636 qni
636 558 811 615 recenseret
833 552 1039 635 Peregrinum,
1061 553 1115 615 sed
1140 570 1177 614 ne
1200 570 1255 613 re-

218 676 420 754 cognosceret
441 669 570 750 qnidem.
614 664 755 729 Nonnulli
778 667 874 742 enirn,
901 665 930 725 in
955 665 1000 726 bis
1023 665 1070 726 nei
1093 665 1256 726 acutissimi

219 785 274 844 viri
294 790 327 844 ut
348 785 415 863 ipse
438 781 577 862 Seianus,
601 797 639 840 na
665 780 711 839 bic
741 777 841 839 critica
872 796 906 838 sc
936 784 1130 854 exercerent,
1164 776 1257 840 tbeo·

219 895 324 977 iogicis
348 893 575 974 quaestionibus
599 890 731 972 impediti
755 895 843 966 sunt,
867 907 944 970 quae
969 890 1053 970 ipsae
1082 889 1257 971 pierumque

218 1009 256 1069 ab
277 1012 342 1067 arte
364 1007 465 1068 critica
488 1005 621 1093 pendere
644 1003 800 1065 debebant.
836 1001 902 1083 Ego
920 1007 1018 1063 certas
1031 1002 1256 1064 emendationes

217 1122 247 1180 in
272 1125 355 1180 textu
377 1117 513 1199 reposui,
534 1117 666 1177 incertas
690 1119 789 1177 autern
808 1115 998 1194 conjecturas
1016 1113 1044 1174 in
1064 1113 1258 1176 adnotatione

218 1231 341 1312 subjeci.
388 1229 465 1292 Sunt
486 1229 575 1306 enim,
599 1247 677 1309 quae
699 1228 729 1287 in
756 1227 825 1288 vitio
855 1232 962 1307 aperto
993 1226 1127 1307 piuribus
1159 1233 1257 1289 tamen

218 1342 330 1426 corrigi
353 1340 448 1403 modis
472 1341 606 1423 possint;
629 1346 702 1402 sunt
720 1339 774 1400 aiia
794 1356 920 1420 prorsus
933 1339 1257 1419 insanabiiia‚qocrum

219 1474 257 1517 ne
280 1454 456 1536 depravatio
479 1453 596 1534 quidem
621 1451 827 1533 antiquissima
850 1456 976 1512 uenient
1007 1451 1114 1514 inierit.
1160 1450 1258 1512 Deni-

220 1586 278 1647 que
302 1572 457 1647 optamus,
481 1572 514 1627 ut
536 1565 584 1626 aiii
609 1583 730 1645 quoque
754 1583 817 1626 mea
842 1564 938 1644 opeiia
961 1564 1053 1646 adjuti
1076 1551 1163 1644 nujus
1194 1563 1257 1624 iibri

220 1679 288 1740 vitia
311 1679 471 1740 emendare
494 1683 526 1738 et
549 1678 616 1758 pins
635 1676 725 1738 studii
748 1677 776 1735 in
796 1693 874 1757 opus
894 1675 1104 1757 gravissimum
1117 1676 1256 1738 conterre

219 1791 369 1870 incipiant.
415 1789 481 1851 Duo
505 1806 597 1870 opera
633 1788 770 1870 proxima
803 1789 950 1869 ejusmodi
973 1795 1070 1867 sont,·
1090 1794 1123 1851 ut
1151 1807 1190 1851 ex
1222 1790 1257 1850 iis

220 1906 325 1965 natura
349 1901 523 1983 „vuigmw
547 1896 657 1963 clarius
680 1899 810 1981 perspici
834 1901 941 1981 possit,
965 1901 1039 1964 iiber
1061 1901 1099 1963 de
1118 1901 1257 1963 mercede

220 2014 374 2077 conductis
403 2019 434 2075 et
464 2012 690 2094 Pbiiopsendes.
743 2012 817 2074 Nam
848 2032 926 2093 quae
964 2014 982 2074 i.
1014 2015 1032 2076 i.
1064 2034 1092 2096 p.
1123 2012 1189 2076 xiii
1220 2013 1257 2075 de

220 2127 376 2209 πνιιῐςεῑαιι
399 2126 476 2203 dixi,
499 2144 535 2186 ea
558 2125 587 2185 in
612 2123 830 2204 Pbiiopseuden
854 2124 990 2206 aliosque
1013 2122 1104 2187 iibrcs
1133 2127 1256 2207 pieros-

220 2258 279 2320 que
302 2238 472 2314 radantia
496 2237 604 2317 quibus
619 2236 724 2298 Aldina
748 2236 881 2299 secunda
906 2244 971 2315 (c),
994 2237 1063 2300 ions
1081 2238 1256 2323 „voigatae“

219 2351 256 2411 ab
278 2351 325 2412 ed.
350 2349 519 2412 Florentino
544 2354 597 2425 (a)
623 2349 780 2429 piorirnurn
804 2349 971 2430 discrepat;
997 2367 1055 2411 non
1081 2368 1207 2431 prorsus
1226 2352 1255 2411 in

219 2464 324 2524 tibrum
359 2462 396 2522 de
431 2461 570 2523 mercede
602 2460 759 2524 conductis
793 2466 825 2523 et
859 2479 972 2542 paucos
1007 2461 1152 2542 quosdam
1182 2462 1255 2524 aiios

219 2574 345 2651 cadom,
369 2573 420 2653 qui
444 2574 483 2635 ob
513 2575 655 2655 majorem
686 2573 821 2654 eiusdem
847 2573 972 2636 Aldinae
1007 2580 1038 2636 et
1066 2575 1256 2638 Fiorantinae

218 2686 436 2748 simiiitudinem
460 2687 557 2748 rninus
581 2704 669 2767 quam
692 2686 805 2749 caeteri
827 2687 893 2748 iibri
912 2687 1077 2750 secundum
1097 2688 1255 2750 tectionem

220 2797 418 2880 „volgatanr“
448 2798 582 2879 corrupti
611 2804 691 2860 sunt.
748 2797 864 2871 Quibus
894 2799 985 2862 rebus
1009 2806 1042 2861 ut
1063 2799 1137 2862 iides
1160 2800 1255 2879 tieret,

220 2928 297 2990 quos
326 2910 440 2991 primos
473 2909 632 2991 utriusque
667 2910 773 2972 classis
805 2910 897 2973 iibros
933 2912 1093 2974 continuos
1124 2913 1255 2989 ederem,

220 3022 280 3084 duo
300 3004 367 3084 iiios
391 3039 469 3103 qnos
492 3040 584 3102 supra
608 3022 668 3083 dixi
690 3040 807 3103 eosque
830 3024 858 3084 in
882 3042 939 3085 suo
962 3043 1113 3105 quemque
1140 3042 1255 3108 genere

220 3135 356 3217 insignes
387 3133 572 3215 potissimum
604 3133 691 3216 elegi.
737 3136 783 3197 Ac
813 3137 938 3217 primurn
968 3137 1049 3218 quod
1079 3137 1115 3199 ad
1149 3138 1255 3200 iibrurn

221 3247 283 3324 „de
322 3246 462 3309 mercede
497 3246 678 3309 conductis“
720 3249 846 3325 attinet,
886 3249 965 3311 bunc
1006 3250 1056 3329 qui
1098 3256 1168 3330 post
1209 3269 1255 3312 me

221 3360 311 3421 edere
361 3359 497 3437 notuerit,
534 3358 669 3421 Vaticani
710 3359 791 3437 (Γ)
824 3361 989 3442 scripturas
1030 3363 1135 3443 partim
1175 3382 1254 3446 sup-

221 3471 327 3553 piebit:
362 3489 429 3532 narn
469 3490 527 3552 qua
556 3490 628 3553 -ego
670 3472 713 3534 uti
753 3478 876 3535 coactus
918 3492 1006 3549 suin,
1043 3475 1071 3537 J.
1106 3474 1255 3539 Macronis

219 3583 347 3660 cubatio,
370 3602 395 3647 c.
415 3581 527 3644 '1-12
550 3589 662 3645 tanturn
686 3585 910 3674 compiectitur,
940 3587 1053 3667 majore
1076 3587 1140 3649 iibri
1171 3596 1256 3669 parte

221 3697 339 3775 penitus
364 3695 511 3778 neglecta.
555 3694 621 3777 iigo
646 3713 718 3757 vero
751 3714 810 3757 uon
835 3697 931 3759 scium
960 3697 1168 3761 eGraeviano
1192 3700 1254 3779 (V)

221 3807 287 3889 pins
322 3806 450 3888 proieci,
485 3809 539 3869 sed
569 3809 660 3870 etiarn
690 3809 755 3891 ipse
789 3815 919 3889 quatuor
948 3810 1084 3873 codicum
1121 3830 1255 3876 meorum

219 3918 396 3981 lectionibus
419 3920 538 4001 adJutns
562 3938 644 3997 sum,
679 3920 840 3982 Florentini
876 3921 962 4001 (Φ),
997 3923 1046 4004 qui
1078 3942 1132 4005 per
1162 3931 1255 3989 totum

221 4028 299 4090 bunc
321 4030 426 4092 iibrum
450 4033 541 4113 piane
565 4032 692 4094 eximias
721 4038 785 4109 est,
814 4033 997 4096 Goriiccnsis
1022 4038 1104 4115 (Α),
1135 4038 1258 4109 Parisini

221 4138 302 4202 diiii
329 4142 407 4219 (C),
439 4145 524 4224 cujus
554 4143 618 4206 iibri
647 4144 799 4207 metiorem
830 4147 1018 4209 eoiiationenr
1049 4167 1136 4229 quoru
1166 4150 1259 4213 Beiiui

220 4258 268 4313 est
303 4254 340 4314 ab
373 4255 469 4318 amico
508 4257 626 4338 accepi,
661 4257 791 4338 denique
827 4256 934 4321 Veneti
972 4257 1033 4321 434
1069 4259 1145 4338 (Ω)
1179 4263 1257 4344 apud

204 4363 246 4443 „i
271 4362 555 4430 Sammarbrodtiuna
578 4371 607 4431 in
631 4368 650 4431 i.
673 4368 795 4434 Lucian.
820 4370 912 4434 codd.
936 4371 1074 4437 biarcian.
1097 4373 1255 4437 Lectiones
