3046 5166
268 359 349 415 xm
656 352 927 411 producemur

268 515 335 578 ἔστι
368 517 499 577 τοιαῦτα
533 505 611 573 ἀλλά
645 507 770 592 ψεῦδος
801 508 1024 592 καθέστηκεν,
1060 505 1159 573 οὐδὲν
1190 504 1306 593 ὕφαλος

270 630 431 713 ἀνακύψει
459 636 493 696 έκ
519 636 578 713 τῆς
608 628 817 703 ὑποθέσεως·
853 620 915 693 κᾶν
946 626 1008 716 γάρ
1041 624 1193 713 μυριάκις
1226 624 1306 692 αὐτὸ

240 749 527 839 ¹t‘nrorcllc‘rpenic,
553 757 703 835 σαθροῖς,
729 748 874 835 ὡςφασλ,
899 747 1066 834 θεμελίοις
1089 747 1147 815 οὐκ
1169 745 1307 813 ἀκολου-

268 871 368 958 θήσει
400 869 438 937 τὸ
473 871 699 956 συμπέρασμα
730 877 789 952 τῆς
823 866 986 954 ζητήσεως
1026 873 1057 945 ἐξ
1090 867 1307 953 ἀνυπάρκτων

271 993 467 1079 ὁρμωμένας
489 991 605 1080 ἀρχῶν.
639 989 679 1055 οὐ
700 989 773 1074 μὴν
790 987 900 1055 ἀλλἐἴ
917 1015 965 1064 τις
987 987 1037 1065 οἷς
1058 989 1100 1055 ἂν
1121 988 1304 1073 ἀποθῆται,

269 1112 398 1188 τούτοις
419 1113 459 1179 τά
483 1112 733 1178 ἀκολουθοῦντα
754 1109 855 1176 πιστά
877 1108 1047 1200 τυγχάνειν
1070 1108 1205 1190 ἀξιώσει,
1237 1108 1308 1195 μή·

270 1259 352 1301 ποτε
381 1240 493 1299 πᾶσαν
518 1232 645 1318 ἀναιρεῖ
673 1229 817 1316 ζήτησιν.
853 1231 976 1305 εὐθέως
1005 1229 1068 1319 γὰρ
1097 1228 1308 1315 ὑποθήσεται

273 1365 408 1430 ἔκαστος
427 1354 526 1439 ἡμῶν
547 1352 586 1419 τὸ
608 1352 649 1419 τὰ
671 1355 745 1437 κρέα
766 1353 904 1437 τέτταρα
927 1349 1011 1418 εἶναι
1031 1353 1086 1417 καλ
1106 1350 1227 1418 τούτου
1250 1351 1307 1417 δο-

269 1479 389 1550 θέντος
421 1474 548 1551 συνάξει
576 1476 626 1540 ὅτι
654 1474 708 1539 καλ
735 1468 776 1539 τά
806 1477 838 1549 ἒξ
864 1470 947 1539 ἀκτά
977 1477 1083 1539 ἐστιν·
1118 1476 1149 1538 ei
1175 1470 1237 1560 γάρ
1264 1473 1306 1539 τὰ

270 1597 344 1685 κρέα
365 1594 501 1682 τέτταρά
527 1600 605 1689 Ιἐστι,
625 1592 667 1661 κά
692 1598 724 1670 ἓξ
747 1591 1038 1682 eucopoteron·
1073 1594 1151 1661 ἀλλά
1174 1593 1245 1682 μὴν
1265 1596 1306 1663 τά

269 1720 342 1805 τρία
364 1715 500 1803 τέτταρά
524 1722 622 1794 ἐστιν,
648 1714 690 1791 ὡς
711 1714 732 1801 ἡ
757 1712 919 1791 ὑπόθεσις
941 1715 1091 1784 δίδωσιν·
1126 1715 1166 1783 τά
1190 1716 1253 1803 ἀρα
1275 1724 1308 1794 δὲ

270 1838 352 1907 ὀκτώ
376 1845 473 1906 ἐστιν.
521 1840 667 1906 Ceterum
688 1840 722 1904 iu
744 1839 948 1924 Hermotimo,
970 1859 1067 1924 quum
1088 1846 1202 1925 egetur
1218 1842 1308 1926 ,περὶ

271 1963 447 2047 αἱρέσεων,
478 1961 687 2046 scepticorum
714 1960 833 2026 anxilio
861 1960 907 2026 uti
935 1960 1024 2027 licuit
1045 1961 1308 2029 commodieoIme.

271 2085 359 2152 Bone
381 2084 465 2148 enim
487 2082 649 2168 Diogenes
670 2082 706 2147 L.
728 2082 786 2168 IX,
810 2083 853 2147 74
874 2079 915 2147 de
936 2082 1117 2167 Pyrrhone:
1147 2082 1308 2149 διετέλουν

271 2204 312 2290 δή
348 2208 379 2269 ol
413 2203 575 2269 σκεπτικοὶ
606 2200 648 2267 κά
680 2208 758 2268 τῶν
790 2202 993 2287 αἱρέσεων
1025 2201 1177 2290 δόγματα
1210 2201 1304 2270 πάντ’

271 2326 521 2411 ἀνατρέποντες,
548 2322 642 2389 αὐτοὶ
665 2321 697 2387 δ’
723 2321 821 2388 οὐδέν
843 2322 1068 2408 ἀπεφαίνοντο
1091 2323 1305 2412 δογματικῶς,

271 2448 437 2514 σκέπτοιο
458 2446 515 2530 IX,
540 2447 601 2511 111
625 2443 666 2510 de
689 2444 823 2510 Timone
844 2444 1001 2512 Phlinoio:
1034 2450 1101 2511 τῶν
1129 2445 1165 2511 δὲ
1186 2444 1309 2512 Σίλλαν

270 2566 343 2652 cpio
366 2566 465 2645 ἐστὶν,
496 2570 531 2631 ἐν
561 2562 609 2641 οἷς
632 2563 674 2640 ἀς
696 2564 739 2631 ἀν
762 2562 930 2640 σκεπτικὸς
952 2564 996 2630 ἀν
1018 2562 1149 2641 πάντας
1170 2564 1311 2651 λοιδορεῖ

271 2689 325 2753 καλ
348 2686 499 2753 σιλλαίνει
520 2684 598 2760 τούς
620 2682 840 2774 δογματικοὺς
869 2690 905 2751 ἐν
926 2685 1094 2774 παρῳδίας
1116 2685 1203 2752 εἴδει.
1256 2688 1308 2772 At,
1366 2723 1372 2732 ·

270 2809 382 2894 inquit,
404 2807 535 2895 sceptici
557 2829 578 2874 a
599 2808 743 2894 plurimis
772 2794 897 2893 et'ipoo
918 2809 1045 2875 silentio
1075 2814 1107 2874 et
1127 2807 1234 2876 verbio
1255 2810 1309 2876 oo

272 2930 339 2996 triti
361 2936 442 2996 nunt.
487 2926 643 2994 llxordior
661 2950 684 2994 c
704 2927 829 3013 Photio,
851 2929 905 3011 qui
927 2929 969 2996 de
988 2928 1192 2997 Aenesidemi
1220 2929 1309 2997 libris

275 3052 320 3117 ita
337 3049 463 3134 judicat
483 3049 518 3114 in
540 3048 688 3115 Biblioth.
712 3049 780 3116 cod
802 3050 866 3115 212
888 3073 920 3136 p.
937 3053 1000 3116 170
1020 3051 1072 3117 B.:
1095 3051 1146 3116 ὅτι
1165 3047 1309 3136 ματαιά-

271 3194 330 3255 της
354 3168 537 3236 αὐτῶνκαὶ
559 3166 661 3259 πολλοὶ
685 3170 777 3259 λέσχη
799 3168 821 3254 ἦ
847 3168 988 3256 σπουδή.
1047 3173 1131 3238 Tum
1162 3170 1204 3238 de
1231 3173 1309 3257 Pyr·

173 3328 177 3339 ·
272 3292 371 3359 rhene
405 3291 515 3358 Cicero
547 3291 666 3374 ubique
697 3293 879 3359 contemtim
914 3294 1053 3377 loquitur
1084 3300 1236 3377 tanquam
1267 3293 1309 3359 de

272 3412 462 3500 philosopho
488 3413 559 3496 jem
588 3411 643 3478 din
664 3414 806 3500 abjecto,
837 3420 946 3481 contre
974 3435 1068 3498 quem
1093 3413 1309 3500 jampridem

273 3534 408 3602 desitum
430 3534 472 3600 sit
492 3531 658 3619 disputari,
679 3535 776 3601 veluti
797 3536 849 3600 Dc
870 3536 939 3601 Fin.
951 3535 986 3602 B.
998 3535 1033 3602 E.
1044 3536 1084 3600 M.
1103 3536 1146 3620 11,
1165 3539 1203 3602 11
1225 3536 1308 3620 536,

271 3658 313 3741 ll,
339 3657 378 3721 13
401 3658 421 3737 ἕ
443 3656 496 3740 43,
518 3655 571 3739 IV,
597 3657 637 3721 16
660 3660 680 3737 ς
702 3656 755 3720 43.
799 3655 932 3722 Lucicni
953 3676 1029 3722 vero
1051 3662 1156 3724 aetate
1177 3664 1308 3742 quento-

272 3796 350 3863 pere
371 3776 547 3861 Pyrrhonei
565 3775 734 3860 jacuerint,
769 3796 865 3861 quum
895 3796 934 3842 er
964 3797 1002 3844 eo
1024 3778 1190 3864 colligitur,
1223 3778 1309 3862 qnod

272 3897 315 3963 eb
337 3897 444 3962 Marco
465 3896 656 3983 imperatore
677 3898 809 3984 sceptici
838 3919 901 3965 non
923 3900 1026 3986 megin
1048 3901 1199 3967 salemum
1220 3919 1308 3967 acoe-

273 4025 388 4102 perout
409 4037 505 4099 quem
526 4019 646 4104 cynici,
675 4026 741 4086 tum
770 4021 856 4087 clere
884 4042 935 4088 ree
964 4021 1150 4107 intelligimur
1179 4042 1219 4087 er
1241 4021 1308 4089 acri

273 4138 484 4222 cceptioorum
505 4134 698 4226 edversario,
721 4140 853 4228 Gelono,
882 4143 935 4226 qni
956 4142 1033 4208 XIV
1054 4165 1086 4230 p.
1109 4145 1173 4209 628
1196 4142 1246 4210 ed.
1268 4144 1308 4209 K.

273 4257 475 4345 Pyrrhoneoe
502 4258 550 4326 ito
576 4258 673 4347 ridet,
699 4268 735 4327 ut
763 4282 818 4331 coo
846 4262 1017 4350 adpellant
1043 4260 1135 4343 ,τούς
1158 4261 1309 4351 ἀγροικο-
