3066 5162
282 422 334 507 30
686 437 914 495 romanor

283 634 479 700 συγγράφειν
499 608 629 689 irrepta,
662 609 761 687 ἀνέξω
783 608 930 697 έμοιιτδν
952 604 990 677 εὑ
1011 614 1128 689 ποιῶν,
1158 608 1319 698 παραίνε·

283 739 337 782 σιν
358 713 497 782 δέντινα
524 713 646 802 μικράν
672 716 728 781 ναί
752 713 932 800 ὑποθήκας
958 710 1080 789 ταὺτας
1102 712 1211 802 ὀλίγας
1231 711 1319 780 ὑπο-

282 816 438 904 θῆσομιιι
470 832 539 894 τοῖς
572 817 824 908 συγγράφουσιν,
868 817 909 893 ὡς
941 816 1175 903 κοινωνήσαιμι
1207 815 1319 893 αὑτοῖς

283 930 342 1008 τῆς
364 921 565 1007 οἰκοδομίας,
591 927 620 988 εἰ
638 923 692 988 καί
713 920 762 1008 μῆ
784 930 843 1003 τῆς
864 921 1070 1011 ὑπογραφῆς,
1104 921 1188 1008 άκριγ
1216 947 1254 1010 γε
1273 930 1317 1009 τῷ

284 1023 426 1113 δανσὺίρι
440 1032 501 1092 τοὺ
512 1027 621 1110 πηλοῦ
636 1024 910 1112 προσαψάμενος.
950 1028 981 1091 5.
1004 1025 1109 1092 καίτοι
1131 1025 1206 1092 οὐδέ
1229 1049 1318 1110 παρ·

284 1130 435 1204 αινέσεως
456 1133 489 1195 οἱ
508 1129 623 1196 πολλοὶ
645 1129 714 1196 δεῖν
736 1129 864 1196 οἴονταί
892 1153 1002 1216 σφισιν
1023 1131 1077 1195 έπί
1097 1126 1136 1195 τὸ
1162 1137 1313 1216 πρᾶγμα,

283 1232 326 1300 οὐ
345 1235 472 1318 μᾶλλον
499 1231 522 1317 ἢ
543 1234 655 1322 τέχνης
682 1229 772 1308 τινὸς
793 1233 847 1299 έπί
868 1231 906 1300 τὸ
933 1232 1077 1318 βαδίζειν
1096 1258 1118 1317 ιγ
1143 1233 1274 1319 βλέπειν
1294 1219 1327 1316 ῆ

283 1336 419 1414 ronias,
449 1333 527 1401 άίλά
557 1334 648 1403 πάνυ
676 1340 798 1424 ῥᾷστον
825 1337 878 1402 καί
901 1334 1071 1426 πρόχειρον
1092 1336 1147 1402 ναί
1169 1336 1317 1409 ἅπαντας

284 1439 368 1508 εἶναι
389 1439 535 1525 ἱστορίαν
557 1438 752 1528 συγγράψαι,
776 1438 821 1525 ῆν
835 1466 883 1515 τις
896 1447 1097 1527 έρμηνεάσαι
1114 1436 1152 1505 τδ
1174 1436 1319 1505 tractator

285 1540 432 1627 δύνηται.
466 1540 505 1609 τὸ
528 1541 563 1609 δέ
586 1542 687 1609 οἶσθά
718 1568 787 1610 που
808 1544 862 1608 καί
884 1542 994 1621 αὐτὸς,
1021 1540 1044 1609 ol
1069 1551 1185 1627 ἑταῖρε,
1212 1541 1255 1617 ὡς
1278 1541 1318 1608 οὑ

251 1653 349 1718 συῶν
371 1646 652 1736 εὐμεταχειρίστως
675 1645 751 1713 οὐδέ
773 1644 934 1733 ρρδὺμιος
950 1654 1151 1731 συντεθῆναι
1172 1650 1193 1688 ⁴*
1216 1645 1318 1711 δυνα-

284 1822 332 1871 pro
352 1822 404 1871 quo
430 1807 553 1872 equidem
577 1803 626 1871 τῆς
648 1802 812 1874 ὑπογραφῆς
834 1810 946 1858 rorroxi.
979 1809 1047 1858 Nam
1071 1809 1111 1857 uti
1129 1808 1252 1872 scriptor,
1272 1807 1318 1871 qni

283 1893 342 1957 ipso
360 1893 497 1944 historiam
523 1894 626 1955 scribit,
652 1910 719 1959 opus
740 1911 817 1946 auum
842 1912 902 1946 curn
922 1886 1071 1964 ε’πιγραφῆ,
1097 1892 1213 1945 aedificii
1230 1891 1317 1955 titulo,

283 1986 370 2030 ramat
386 1982 443 2045 ipse
469 1995 530 2030 oum
553 1980 701 2032 architecto
725 1997 880 2046 comparare
903 1987 966 2047 opta
990 1987 1092 2046 potant:
1116 1981 1155 2029 ita
1172 1980 1317 2041 Lucianna,

284 2068 331 2132 qui
347 2065 513 2132 παραίνεσιν
534 2072 638 2116 tantam
661 2069 812 2131 promittat,
836 2073 982 2132 praecepta
1005 2083 1056 2118 aua
1079 2083 1134 2117 non
1157 2081 1216 2116 omn
1239 2065 1317 2116 titolo

284 2152 408 2214 aedificii,
427 2153 474 2202 aad
487 2169 548 2203 cum
561 2148 708 2223 ὑπογραφῇ
727 2155 744 2203 i.
758 2170 781 2203 o.
796 2170 855 2204 onnr
869 2154 1048 2203 delineatione
1064 2148 1178 2216 {fflnutll'tl
1195 2152 1316 2202 conferre

284 2238 373 2299 dabor,
391 2240 471 2288 aienti
488 2244 632 2304 praecepto
650 2256 700 2290 sua
717 2256 778 2290 mox
797 2257 819 2289 o.
840 2239 854 2289 5
873 2236 923 2288 τὸν
939 2235 1043 2305 τρνόνα
1064 2236 1166 2289 τοῦτον
1190 2238 1317 2303 appellat.

283 2325 344 2386 Aut,
364 2326 458 2391 inquit,
483 2324 562 2389 hujus
585 2326 795 2376 adumbrationis
817 2329 907 2376 socius
933 2344 988 2387 aro,
1013 2330 1061 2377 ant
1085 2331 1203 2376 ortromo
1222 2324 1317 2375 saltem

283 2412 367 2476 digito
386 2412 470 2461 lotum
489 2413 627 2476 attingam.
655 2413 742 2477 Atque
761 2420 790 2462 ut
809 2407 963 2479 ἐπιγραφῆς
980 2413 1006 2463 h.
1020 2412 1036 2462 l.
1056 2412 1200 2463 absurdum
1212 2416 1261 2471 est,
1280 2412 1318 2460 ita

283 2498 349 2547 nihil
373 2500 461 2562 aprina
477 2514 545 2548 vooo
563 2492 744 2563 ὑπογραφῆς,
770 2514 840 2562 quaa
859 2506 886 2549 et
910 2501 942 2549 da
966 2499 1093 2549 librorum
1115 2499 1200 2563 prima
1223 2496 1316 2547 adnm-

282 2583 403 2633 bratione
416 2579 615 2648 (ὑπομνῆματι)
636 2586 689 2634 dici
701 2585 771 2635 solet
783 2591 810 2634 at
823 2602 887 2636 voro
901 2587 933 2637 tla
947 2587 1041 2635 domas
1052 2585 1127 2635 reiut
1139 2585 1229 2646 initiis,
1248 2583 1319 2632 siout

282 2664 431 2737 ὑπογραφὴ
462 2665 519 2719 τῶν
546 2663 688 2735 θεμελίων
716 2668 866 2734 ίίδτιιῃὺτίβ)
897 2688 929 2722 ax
959 2672 1104 2721 Aristotele
1130 2670 1240 2720 allatuin
1267 2672 1316 2717 ast.

278 2751 462 2821 ’Ἰπογραφῆν
484 2755 567 2807 latino
590 2757 664 2807 dicas
693 2756 892 2819 ‚,linearnenta“
919 2759 1027 2821 (Cicero
1052 2759 1080 2807 in
1101 2759 1185 2807 Bruto
1213 2773 1237 2806 ο.
1262 2752 1316 2813 87).

283 2842 400 2895 Verbum
419 2858 526 2907 quoquo
551 2842 585 2893 de
607 2843 809 2894 adornbrationo
828 2846 935 2909 saepius
959 2847 1050 2909 posuit
1067 2845 1216 2904 Lucianus,
1243 2846 1273 2892 nt
1290 2843 1318 2891 in

283 2929 435 2980 Alexandro
454 2946 478 2979 o.
497 2927 513 2978 3
532 2922 617 2978 αὑτὸν
633 2924 788 2996 ὑπογράφω
814 2935 841 2980 at
859 2932 885 2980 in
903 2938 995 2981 noatro
1015 2930 1081 2980 libro
1102 2947 1125 2980 o.
1146 2929 1186 2993 lt,
1205 2930 1250 2979 ubi
1268 2944 1317 2993 pro

282 3017 373 3082 inepto
392 3010 625 3082 ἀπογραφόμενος
642 3033 657 3067 ο
676 3018 754 3067 codd.
772 3012 1003 3083 ὑιτσγραφάμενσς
1019 3019 1165 3067 restituam.

353 3103 377 3153 ά.
396 3101 635 3169 παραινέσεως-
656 3100 764 3169 σφίσιν]
788 3102 957 3167 παραινέσαι
975 3096 1006 3152 σί
1019 3096 1117 3152 πολλοὶ
1137 3094 1223 3151 δεινοί
1242 3094 1318 3153 ὄντες

284 3187 378 3253 σφίσιν
390 3187 500 3239 transs.
517 3188 685 3256 παραένισοι
702 3182 801 3239 πολλοὶ
820 3182 907 3239 δεινοὶ
927 3185 1003 3243 ὄντες
1021 3192 1106 3256 φησὶν
1122 3190 1156 3238 Φ.
1182 3186 1316 3254 παραινέ·

284 3275 372 3393 σάίμι,
391 3319 490 3377 πολλοὶ
509 3320 597 3377 δεινοὶ
615 3322 691 3382 ὄντες
708 3330 793 3394 φησὶν
809 3331 833 3380 Α
852 3336 879 3379 et
896 3328 968 3379 haud
988 3329 1067 3379 dubia
1081 3328 1176 3379 oodem
1188 3327 1268 3378 modo
1286 3327 1316 3377 C.

282 3414 451 3480 παραινέσαι
470 3407 500 3463 οί
513 3408 612 3464 πολλοὶ
631 3408 690 3465 δεῖν
708 3413 816 3465 σίσνται
835 3412 929 3481 σφίσιν
941 3415 974 3467 G.
992 3416 1061 3465 Tum
1077 3414 1164 3467 schol.
1177 3417 1204 3464 in
1222 3413 1318 3464 ood.V

284 3568 316 3619 γρ
328 3517 366 3550 αι’
380 3551 471 3601 καίτοι
494 3545 558 3601 οὑδὲ
581 3553 770 3619 παραινέσεως
794 3546 825 3602 σί
848 3546 946 3602 πολλοὶ
972 3545 1032 3602 δεῖν
1056 3545 1117 3602 οἷον
1138 3568 1169 3602 τε
1189 3548 1272 3618 φασίν
1291 3557 1319 3601 et

284 3631 346 3688 οἷον
361 3654 391 3688 τε
411 3642 496 3705 φασὶν
514 3645 555 3689 ast
573 3642 652 3690 otiam
671 3642 698 3690 in
716 3640 751 3688 X.
808 3635 978 3707 συγγράφοι]
998 3635 1166 3707 συγγράφειν
1182 3639 1318 3691 Victorius

283 3726 404 3775 fortassis
428 3731 510 3787 reate.
573 3722 605 3775 τὸ
631 3718 661 3775 δέ
689 3744 731 3777 om
755 3726 787 3775 A.
818 3730 895 3788 Quae
918 3728 1138 3777 Hornstorhuaius
1158 3725 1266 3789 juvenis
1290 3726 1317 3774 in

283 3812 428 3863 anecdotis
447 3830 472 3877 p.
490 3810 544 3875 (59)
564 3814 597 3863 do
609 3813 635 3863 h.
649 3812 667 3862 l.
686 3814 755 3863 male
774 3814 889 3878 scripsit,
909 3816 1016 3864 omnino
1035 3831 1090 3865 non
1108 3812 1213 3864 edenda
1232 3818 1317 3873 erant,

282 3904 376 3964 ntpoto
401 3899 435 3949 ab
454 3901 512 3964 ipso
530 3905 626 3964 pontaa
650 3898 720 3949 bono
745 3905 890 3950 retractata
913 3900 947 3950 ad
965 3900 1077 3949 Luoian.
1096 3900 1131 3950 D.
1149 3899 1216 3949 Mar.
1235 3899 1281 3959 Ill,
1304 3897 1313 3948 l

285 3984 352 4044 (sive
375 3985 407 4035 Τ.
426 3986 438 4035 Ι
460 4002 486 4050 p.
505 3984 576 4045 2⁹7).
631 3973 654 4033 ol
672 3980 782 4052 ε’ταῖρε]
803 3973 826 4033 ol
844 4003 886 4036 onr
904 3988 936 4037 Δ.
990 3979 1236 4051 εὐμεταχειρίστων
1257 3985 1318 4036 libri

285 4087 386 4133 omnoa,
405 4087 452 4136 pro
472 4088 524 4138 quo
537 4067 779 4139 εὑμεταγειρίστως
796 4075 908 4123 correxi.
936 4072 1003 4122 Nam
1015 4080 1121 4123 serrata
1131 4072 1175 4124 hio
1189 4073 1317 4123 librorum

284 4159 416 4223 scriptura
439 4174 506 4224 opus
529 4160 579 4209 erit
603 4162 730 4210 continuo
753 4161 854 4210 novitio
877 4159 1091 4225 interpolatoris,
1111 4152 1177 4209 οὐδὲ
1193 4155 1250 4209 τῶν
1267 4157 1317 4224 ρᾳ-

283 4238 389 4309 θὺμως,
416 4260 495 4310 quam
513 4261 582 4295 unns
600 4246 708 4297 Bekker
729 4247 850 4312 recipere
875 4263 955 4297 auaris
979 4252 1028 4296 ost.
1083 4240 1147 4295 οὑδέ
1167 4241 1317 4313 ῥᾳθύμως]

1006 4350 1012 4364 .
1034 4330 1083 4365 σον

285 4374 351 4437 οὑδὲ
372 4380 430 4436 τῶν
452 4378 588 4455 ῥαθύμως
610 4387 637 4439 H
660 4384 742 4441 roias.
809 4331 1003 4455 σοντιθῆνσίί
1023 4381 1215 4453 μετατεθῆναι
1238 4386 1260 4437 F
1291 4390 1319 4439 at
