3066 5162
1212 335 1262 388 XV

281 488 447 572 Superest,
470 491 505 551 ut
526 486 565 550 do
584 486 623 550 iis
645 485 728 551 lilsris
744 486 891 573 quincue
910 485 1042 552 eduntur
1055 486 1183 571 siugulis
1198 506 1260 551 en-

223 627 344 694 pouum.
377 608 411 672 ln
425 606 550 673 Somnio
565 612 598 671 et
612 607 642 669 in
656 608 732 673 lilrro
754 608 792 671 de
814 608 938 673 historin
953 608 1102 695 integrum
1118 609 1260 673 colelin-

218 749 288 794 nem
319 730 481 812 utriusque
503 727 640 791 Vetierni
662 728 759 807 (Ἡ)
788 735 850 794 turn
880 728 1002 794 ulterius
1027 727 1096 809 (Γ)
1125 730 1155 792 in
1178 729 1262 795 (lello

215 870 317 935 seps
336 850 520 915 senemr.
556 848 631 913 nam
648 828 801 915 sonuum
824 867 947 933 quoque
969 851 1000 913 m
1023 849 1105 914 runs
1125 850 1263 935 guerre

218 973 317 1057 vulgo
338 971 491 1055 corruptis
514 970 728 1036 numerandum
752 977 809 1051 est,
833 991 891 1054 qrrn
914 972 952 1035 dc
966 990 1001 1035 re
1015 971 1137 1036 codices
1151 989 1261 1036 recens

222 1094 320 1158 colisti
348 1094 486 1157 dubitme
519 1092 621 1155 sinent
653 1094 811 1159 neminem.
862 1093 975 1157 llorum
1002 1093 1091 1176 signu
1124 1093 1260 1159 codicum

224 1214 296 1278 inne
319 1214 422 1299 posui,
443 1211 646 1287 ΩΨΑΦΕΟ.
690 1214 801 1278 Contrn
824 1215 955 1298 exiguus
978 1203 1053 1279 usus
1075 1215 1131 1278 luit
1152 1222 1260 1279 coete-

219 1355 335 1414 rcrum,
357 1335 409 1418 qui
430 1334 500 1397 olim
523 1353 562 1398 ne
585 1334 684 1398 colluti
706 1335 837 1418 quidem,
860 1336 913 1400 sed
937 1336 989 1399 vix
1011 1335 1109 1399 obiter
1132 1338 1261 1422 inspecti

218 1463 304 1521 suut.
340 1456 374 1520 ln
397 1456 474 1519 libro
496 1456 535 1519 dc
557 1456 682 1519 historin
706 1456 734 1518 hi
756 1457 884 1520 menime
906 1458 1028 1521 codices
1045 1457 1166 1521 adhibiti
1180 1465 1261 1537 sunt,

219 1576 400 1643 mostis
420 1583 453 1640 et
473 1577 572 1640 codex
595 1576 728 1643 Victorii.
773 1579 836 1641 llos
859 1597 951 1660 quum
979 1596 1035 1660 per
1061 1597 1098 1642 se
1121 1579 1168 1643 lric
1189 1581 1261 1644 exi-

221 1700 318 1778 mius,
347 1705 407 1763 tum
436 1699 546 1763 eximie
574 1697 653 1760 scito
675 1716 826 1761 excussos
854 1717 942 1777 esse3
973 1702 1086 1764 coeteri
1114 1705 1166 1765 not
1194 1701 1261 1764 mnli

218 1826 422 1902 mentesque
444 1825 526 1898 sunt,
548 1824 601 1884 sut
623 1819 721 1897 (sicut
743 1818 862 1903 Argius
877 1820 1070 1901 Bourdeloti)
1093 1822 1169 1886 mule
1191 1823 1260 1887 cnl-

220 1941 282 2020 luti,
311 1960 442 2024 qnorum
463 1940 626 2023 permultos
655 1940 801 2006 lectiones
830 1942 951 2006 silentio
979 1944 1130 2025 praeterii.
1175 1944 1262 2009 lluno

202 2060 329 2127 ‘librum
349 2063 488 2147 plerique
508 2061 658 2139 editores,
687 2067 722 2126 ut
743 2061 776 2125 C.
801 2063 832 2125 F.
856 2063 1044 2129 Hermannos
1074 2067 1262 2131 constantior

223 2182 364 2267 vulgatae
387 2189 535 2266 petronus
565 2202 652 2264 quum
683 2183 850 2265 sapientior
877 2203 934 2268 pro
961 2186 1036 2249 sutis
1058 2188 1177 2271 integro
1199 2188 1260 2251 hs-

219 2304 368 2382 bueruut,
390 2304 441 2385 qui
454 2304 649 2386 interpretem
662 2303 774 2386 ubique
789 2306 933 2388 requiret,
949 2307 1083 2371 criticum
1095 2325 1158 2371 non
1174 2308 1261 2373 valde

220 2423 387 2488 desideret
431 2421 513 2487 Unus
536 2430 607 2487 onte
630 2442 688 2487 nos
710 2424 750 2488 ll.
774 2426 903 2491 Solsnus
933 2426 1014 2491 hunc
1035 2427 1133 2513 ipsum
1156 2428 1261 2492 librum

219 2544 388 2608 incredibili
421 2545 510 2608 modo
544 2550 718 2626 corruptum
752 2563 823 2610 esse
859 2547 1037 2630 mendisque
1071 2555 1103 2612 et
1135 2566 1262 2613 numero

221 2664 358 2748 plurimis
380 2671 412 2728 et
432 2666 582 2749 grnrimte
604 2666 740 2729 menimis
764 2666 901 2731 laborare
924 2670 1095 2751 perspexit:
1125 2669 1162 2733 nd
1185 2687 1261 2751 quus

219 2786 410 2869 corruptelas
425 2785 504 2850 hund
519 2786 650 2869 exiguus
664 2786 835 2852 lucunnrum
850 2805 994 2855 numerus
1009 2790 1132 2854 secedit.
1162 2790 1260 2874 Equi·

219 2907 288 2969 dem
310 2912 345 2969 ut
367 2913 510 2989 corrupte
539 2924 678 2969 sonorem
709 2926 745 2970 uc
766 2909 793 2970 si
814 2908 879 2972 ieri
909 2916 1017 2992 posset
1039 2911 1159 2975 tuudem
1182 2930 1259 2995 per-

219 3045 370 3106 snnurcm,
392 3027 511 3108 lumeni
534 3045 670 3112 magnum
694 3027 762 3091 dedi
784 3046 923 3112 operum:
946 3037 1046 3095 tamen
1060 3031 1260 3115 eliisrpmque

221 3148 392 3230 relinquere
423 3154 548 3211 conotus
575 3166 661 3227 sum,
690 3150 720 3211 in
750 3167 811 3231 quo
841 3150 943 3235 ingeni
974 3153 1055 3214 uiros
1085 3158 1258 3216 exerceant.

221 3268 336 3333 Gallum
351 3274 451 3332 nutem
466 3286 557 3350 quom
573 3287 601 3331 n.
616 3266 700 3334 1826
724 3276 823 3351 (ponc
836 3271 1037 3347 Quaestiones
1049 3293 1079 3356 p.
1091 3272 1155 3337 273
1169 3280 1259 3357 sqq.)

221 3390 349 3471 prium
379 3389 516 3468 ederem,
546 3386 584 3455 de
607 3389 792 3453 Gorlicensis
822 3392 940 3474 quidm
971 3394 1137 3477 scripturos
1165 3412 1260 3461 nosse

220 3515 358 3591 poteram
372 3511 431 3574 nisi
443 3510 709 3575 Scnmiedcrienes.
740 3511 874 3577 Eundem
887 3514 1036 3597 dialogum
1048 3515 1156 3579 iterum
1171 3515 1256 3592 (llo-

220 3630 329 3694 stoelnii
345 3649 374 3696 s.
388 3629 489 3710 lusu)
508 3632 637 3697 seorsim
655 3633 733 3696 edidi
750 3632 795 3697 his
814 3635 900 3699 codd
911 3653 997 3715 usus,
1015 3634 1259 3704 AcouevuA.

219 3742 342 3817 romu
364 3770 390 3815 a.
417 3750 500 3816 rsus
522 3753 557 3819 n.
580 3753 714 3819 unum
737 3755 837 3838 psum
860 3727 983 3821 moon
1005 3776 1093 3840 quan
1117 3756 1258 3825 sonmo-

220 3872 345 3935 dsrinnn
366 3880 414 3935 est
429 3873 613 3938 Gorlicensis
636 3876 795 3939 collatione
817 3875 913 3942 iretus
929 3877 1043 3945 Gsllmn
1058 3883 1156 3944 totum
1172 3880 1259 3962 qussi

220 3993 257 4055 nd
284 3992 468 4058 Gorloeusis
501 4014 637 4060 normam
665 4003 805 4061 exectum
834 3998 1020 4082 removeret.
1072 3998 1133 4065 Sed
1162 4000 1258 4064 lllotzi

220 4115 371 4195 recensio,
394 4116 444 4197 qni
467 4117 596 4199 optimus
614 4117 798 4180 Gorlicensis
813 4118 959 4182 lectiones
976 4120 1082 4203 purtim
1098 4138 1159 4183 non
1174 4122 1260 4184 norit

221 4236 327 4317 purtim
350 4254 411 4300 oon
434 4237 588 4316 intellexit,
616 4238 730 4302 mendis
754 4257 828 4301 vero
850 4240 985 4323 ejusdem
1015 4242 1089 4305 mire
1111 4242 1257 4325 deceptus

222 4362 278 4435 est,
299 4358 381 4421 nullo
403 4359 433 4420 in
456 4376 583 4422 nurnero
606 4358 740 4423 indende
764 4361 889 4427 videtur.
934 4361 969 4424 ln
991 4362 1047 4425 lruc
1069 4382 1147 4446 quse
1170 4364 1257 4427 tertis

223 4482 268 4539 est
288 4479 454 4543 secundnm
476 4480 635 4544 editionem
658 4499 719 4545 non
742 4482 831 4564 plene
854 4484 971 4566 repetii,
992 4484 1047 4547 sed
1070 4484 1165 4547 addidi
1189 4485 1257 4567 pri·
