3066 5162
269 389 341 459 174
668 415 897 467 κονεικσσν

264 610 329 671 μεν
349 592 517 653 τεθνεῶτα
546 593 663 671 μικροῦ
689 586 758 652 δεῖν
787 582 854 651 ὑπό
883 590 945 650 τοῦ
969 583 1080 663 δέους,
1112 583 1130 652 ὁ
1155 584 1191 653 δὲ
1212 586 1304 673 Κέρ-

189 730 192 743 ·
263 692 360 777 βερος
388 687 549 773 ὑλάκτησε
576 690 639 776 μέν
668 715 700 755 τε
728 690 782 755 καὶ
811 688 1025 775 παρεκίνησε,
1060 686 1138 778 ταχι)
1170 688 1206 756 όέ
1233 714 1304 775 μου

264 793 465 879 κρούσαντος
497 791 557 879 τήν
590 790 691 878 λόραν
725 800 927 883 παραχρῆμα
961 790 1107 878 ἐκηλήθη
1141 790 1209 859 ὑπό
1241 800 1303 860 τοῦ

263 899 393 984 μέλους.
438 897 507 963 ἐπεὶ
538 895 573 962 δὲ
600 894 684 984 πρός
713 894 776 982 την
797 897 916 982 λίμνην
940 894 1150 982 ἀφικόμεθα,
1182 904 1303 983 μικροῦ

263 1005 329 1087 μὲν
351 999 422 1067 οὐδ’
448 998 717 1087 ἐπεραιώθημεν·
752 996 794 1085 ἦν
815 997 878 1089 γὰρ
900 1002 1021 1087 πλῆρες
1041 999 1106 1085 ἦόη
1129 998 1168 1067 τό
1190 1008 1303 1088 πορθ-

265 1117 364 1190 μεῖον
396 1104 449 1170 καὶ
484 1107 628 1192 οἰμωγῆς
658 1102 849 1170 ἀνάπλεων·
885 1105 1085 1190 τραυματίαι
1118 1105 1154 1171 δὲ
1180 1102 1303 1181 πάντες

267 1209 438 1287 ἐπέπλεον,
471 1207 488 1274 ό
516 1212 581 1293 μὶν
607 1205 646 1274 τό
677 1211 802 1289 σκέλος,
837 1209 854 1276 ό
885 1208 920 1275 δὲ
948 1205 1011 1294 την
1039 1207 1193 1295 κεφαλήν,
1227 1208 1303 1276 ὁδὶ

197 1335 243 1386 471
266 1311 341 1378 ἄλλο
369 1338 400 1378 τι
431 1313 721 1399 συντετριμμένος,
747 1317 767 1354 ⁴*
790 1315 866 1398 ἐμοὶ
896 1312 1003 1380 όοκεῑν
1025 1318 1060 1378 ἔκ
1087 1339 1177 1389 τινος
1204 1315 1303 1380 πολέ-

264 1441 334 1502 μου
363 1414 535 1504 παρόντες.
584 1417 674 1503 ὅμως
705 1415 737 1482 (λ’
770 1411 829 1482 οὖν
859 1416 877 1484 ό
910 1420 1075 1503 βέλτιστος
1105 1415 1231 1503 Χάρων
1260 1416 1304 1493 ὡς

266 1519 331 1586 εἶδε
359 1517 421 1605 την
442 1523 578 1605 λεοντῆν
601 1519 728 1605 οἰηθείς
756 1546 801 1606 με
829 1519 890 1588 τόν
905 1521 1068 1608 Ἡρακλέα
1099 1519 1199 1601 εἶναι,
1231 1526 1303 1587 ἐσε-

266 1621 376 1701 όέξατό
406 1650 451 1709 με
481 1623 625 1709 ἄσμενος
653 1625 707 1690 καὶ
738 1623 982 1712 διεπόρθμευοέ
1009 1651 1046 1691 τε
1073 1626 1127 1691 καὶ
1156 1623 1303 1712 ἀποβᾶσι

265 1725 444 1814 διεσήμηνε
464 1726 527 1813 την
549 1725 710 1813 ἀτραπόν.
744 1734 793 1797 11.
818 1732 887 1796 ἐπεὶ
911 1728 946 1796 ιλὲ
967 1725 1055 1816 ἦμεν
1072 1734 1105 1796 ὲν
1123 1737 1167 1817 τῷ
1185 1727 1299 1817 σκότῳ,

336 1907 377 1959 11.
415 1899 441 1955 δ’
462 1900 525 1972 ἐγὼ]
545 1899 575 1956 δέ
594 1901 646 1974 έγολ
666 1906 722 1958 ΒΩ.
793 1903 865 1958 ἔνθα
884 1900 930 1974 δὴ]
950 1899 1054 1958 ἐνθάδε
1073 1900 1107 1973 όι]
1126 1908 1160 1959 Ω.
1197 1901 1302 1960 ε’νθάόε

265 1987 296 2044 δέ
317 1994 351 2045 Φ.
420 1992 623 2056 περιεπέτοντο
641 1992 695 2043 ΩΦ
716 2001 785 2046 etv.
821 1994 1021 2065 περιεπέτοντο
1041 1995 1097 2046 ΒΟ.
1133 1995 1301 2062 περιέποντο

265 2082 298 2132 G.
376 2078 537 2147 τετριγυῖαι]
560 2079 718 2149 τετριγυῖαι
742 2081 801 2133 QG.
882 2074 914 2131 αιι
936 2078 1019 2146 σκιαὶ]
1046 2075 1078 2131 αι’
1099 2085 1179 2132 σκυαὶ
1204 2100 1230 2134 ε.
1272 2077 1305 2133 αι’

263 2170 349 2234 ψυχαὶ
368 2168 402 2232 Φ,
422 2183 537 2233 quocum
556 2170 648 2220 confer
665 2168 703 2218 «ΙΙ.
719 2170 751 2228 Ψ,
774 2168 823 2221 100
841 2186 881 2236 τη.
902 2170 990 2221 etOd.
1005 2165 1044 2229 σι’,
1062 2170 1086 2221 5.
1156 2164 1303 2238 καταλέγον

265 2257 297 2306 G.
340 2248 459 2304 κατόπιν
486 2255 521 2305 Φ.
614 2250 848 2323 παραγιγνόμεθα
875 2257 1039 2309 Dindorfius.
1083 2251 1301 2324 παραγινόμεθα

265 2341 348 2392 BOG.
383 2335 600 2409 παρεγενόμεθα
618 2341 670 2391 ΩΦ
689 2349 716 2393 εὶ
733 2359 759 2393 ν.
829 2342 942 2397 Μίνωος
961 2342 1101 2405 ΟΩΦΜΒ,
1126 2345 1199 2409 quod
1216 2346 1301 2409 magis

264 2429 431 2478 Lucianeum
451 2436 501 2480 est.
536 2428 616 2478 Μόνον
636 2431 659 2479 0
679 2433 706 2478 et
724 2445 749 2479 τ.
818 2424 1134 2496 παρειστήκεσανΟΜΙι.
1160 2424 1301 2495 παρεστη-

264 2530 348 2564 κεοαν
360 2513 421 2565 ΩΦ.
456 2510 691 2580 παρειστήκεισαν
710 2516 733 2564 0
754 2521 781 2566 et
798 2531 824 2564 v.
896 2520 943 2566 καὶ
961 2509 1114 2581 ἀλάστορει
1131 2519 1177 2566 καὶ
1196 2510 1302 2580 έρινόει

265 2603 295 2651 Β.
333 2604 380 2650 καὶ
404 2594 555 2667 ἀλάστορες
575 2604 622 2650 καὶ
641 2595 778 2668 Ἐριννόεε
801 2618 826 2652 τ.
863 2605 910 2652 καὶ
933 2597 1054 2670 έριννόεε
1079 2605 1126 2652 καὶ
1151 2597 1302 2671 ἀλάστορες

265 2688 300 2736 Φ.
373 2683 496 2754 έτέρυθε
514 2686 547 2737 Ω.
584 2684 705 2756 ἑτέρωθι
724 2688 807 2739 CML.
882 2705 954 2743 τινες
972 2707 1014 2741 om
1035 2689 1116 2740 BOG.
1190 2684 1299 2755 ἐφεξῆς]

265 2768 328 2839 έξῆτ
346 2775 428 2826 BOG.
507 2777 601 2839 μοιχοὶ
619 2778 665 2825 καὶ
683 2775 874 2841 πορνοβοσκοὶ
891 2780 938 2825 καὶ
954 2768 1082 2840 τελῶναι]
1101 2768 1219 2826 τελῶναι
1236 2792 1300 2840 μοι·

263 2864 307 2926 χοὶ
325 2864 371 2910 καὶ
389 2862 579 2928 πορνοβοσκοὶ
595 2859 629 2911 Ω.
664 2865 759 2926 μοιχοὶ
782 2864 828 2910 καὶ
849 2855 968 2913 τελῶναι
991 2866 1038 2912 καὶ
1055 2862 1247 2928 πορνοβοσκοὶ
1265 2862 1300 2912 Φ.

333 2951 380 2997 καὶ
397 2944 525 3001 τοιοῦτοι
542 2947 588 2997 ΒΟ
609 2950 657 3007 (ita
676 2948 709 3008 Ο)
731 2949 754 2999 G
770 2956 797 2999 et
807 2965 832 2997 τ.
869 2953 916 2999 καὶ
934 2944 949 2999 ό
967 2946 1203 3004 τοιοῦτοςΟΩΦὶι
1221 2948 1300 2999 male.

335 3029 364 3083 οἵ
385 3050 416 3084 τε
438 3027 577 3098 πλοόσιοι]
604 3025 635 3082 οἰ
654 3026 784 3084 πλούσιοι
805 3035 866 3085 ΩΦ.
909 3029 1039 3086 πλούσιοι
1063 3038 1094 3086 G.
1183 3029 1299 3100 κόρακα]

265 3112 384 3169 σκύλακα
403 3122 630 3183 Ηοοοεὶσιὶεατίσε,
650 3124 694 3171 cui
712 3122 883 3173 Lehmannnu
902 3139 996 3175 vocum
1016 3116 1111 3172 κλοιόν
1127 3122 1198 3172 bene
1216 3138 1299 3187 oppo-

264 3209 328 3268 suit,
347 3224 460 3273 quorum
479 3214 622 3274 utrumque
642 3208 692 3260 fuit
709 3208 820 3261 collare.
858 3216 886 3260 εὶ
904 3203 1012 3275 κόρακα
1022 3209 1135 3260 sortasse
1146 3215 1301 3273 corruptum

266 3300 318 3344 est:
344 3295 388 3344 hie
407 3297 477 3344 enim
500 3296 627 3345 tormenti
644 3311 730 3360 genus
749 3302 946 3361 exspectamus.
982 3297 1058 3361 atqui
1075 3288 1165 3363 κόραξ
1182 3296 1239 3345 sive
1257 3294 1301 3361 γέ-

266 3395 350 3446 ρανος
368 3381 492 3431 maehina
509 3382 560 3431 fuit
577 3381 686 3445 bellica,
711 3384 744 3433 de
764 3399 816 3449 qua
835 3384 896 3434 vide
915 3383 958 3434 vel
977 3385 1127 3433 Vitruvium
1145 3383 1187 3433 De
1206 3382 1301 3433 Archi·

264 3472 329 3518 tect.
348 3467 382 3525 X,
403 3466 444 3529 13,
464 3467 489 3519 3.
560 3462 693 3534 ἑωρῶμέν
709 3464 749 3534 τε]
767 3486 798 3519 τε
818 3487 860 3521 om
880 3472 927 3521 ΒΟ
947 3470 996 3531 (ita
1014 3469 1049 3532 Ο)
1070 3470 1102 3521 G.
1173 3464 1208 3518 τά
1226 3463 1301 3536 γινό-

264 3570 335 3619 μενα
355 3554 389 3603 Φ.
462 3549 540 3608 ακιάτ
557 3548 623 3620 ἀπό]
643 3550 699 3605 ἀπό
719 3557 861 3608 delendum
871 3564 946 3623 puto,
968 3564 997 3607 ut
1014 3564 1105 3609 natum
1125 3574 1158 3607 ex
1175 3557 1301 3608 inferiore

265 3642 326 3694 illo:
347 3635 403 3692 ἀπό
421 3637 479 3691 τῶν
497 3636 641 3706 σωμάτων.
678 3645 773 3694 vitium
792 3646 877 3709 ipsum
888 3645 1225 3710 Hemsterhusiusquoquo
1240 3660 1301 3710 per·

265 3732 353 3795 spexit
370 3729 541 3795 conjecitque
566 3736 625 3780 aut:
653 3723 871 3796 ἀποτεινομένας
897 3726 973 3785 σκιὰς
997 3724 1052 3780 ἀπὸ
1076 3728 1133 3781 τῶν
1157 3726 1300 3797 σωμάτυν,

265 3823 325 3868 aut:
351 3809 574 3881 ἀποτελουμένας
598 3813 675 3871 σκιόε
700 3813 754 3868 ὗπό
777 3815 834 3868 τῶν
852 3813 994 3885 συμότων.
1065 3811 1189 3884 έπειόάν]
1210 3812 1299 3869 έπειδ’

266 3897 300 3953 ἀν
317 3905 339 3953 Β
358 3921 471 3969 semper.
542 3906 589 3953 καὶ
606 3902 852 3973 καταμαρτυροῦσι
870 3923 912 3958 om
931 3904 992 3956 ΩΦ.
1069 3901 1138 3970 ἡμῖν
1156 3923 1199 3956 om
1218 3905 1300 3957 BOG.

335 3982 447 4056 σφόδρα
466 3984 627 4048 ἀξιόπιστοι
644 3993 817 4043 Lehmannus
835 3995 930 4057 partim
950 4008 1010 4042 cum
1022 3992 1128 4057 Guyeto
1142 3993 1300 4044 etSehmie-

267 4076 340 4126 dero.
378 4069 491 4142 σφόδρα
504 4075 575 4131 τινές
590 4072 750 4136 ἀξιόπιστοι
765 4079 847 4130 BOG.
885 4072 998 4148 σφόδρα
1019 4075 1090 4133 τινέε
1112 4074 1204 4130 αὐτῶν
1222 4073 1300 4140 ἀξιό-

264 4178 361 4213 πιστοι
377 4163 431 4210 ΩΦ
458 4168 528 4214 etv.
565 4180 632 4215 eave
657 4166 727 4215 istuc
750 4163 822 4219 τινές
844 4171 953 4229 ὶεοσεε,
982 4167 1055 4232 quod
1077 4166 1152 4218 BOG
1176 4167 1202 4218 h.
1221 4167 1239 4217 l.
1262 4167 1302 4216 illi

266 4250 374 4316 quidem
393 4255 510 4312 servant,
537 4251 586 4300 sed
603 4251 683 4313 iidqm
702 4250 773 4304 τινές
789 4253 860 4303 mule
879 4255 971 4305 delent
988 4270 1070 4319 supra
1087 4270 1141 4305 non
1159 4259 1222 4319 post
1240 4268 1301 4302 και-

266 4335 313 4387 νολ
328 4339 375 4389 sed
393 4344 454 4403 post
464 4329 565 4387 πολλοί
571 4356 577 4389 :
595 4338 660 4388 illuc
669 4340 752 4404 igitur
760 4339 955 4406 τινέτρειὶίσεὶ
965 4358 1017 4392 non
1027 4341 1062 4392 ad
1071 4341 1160 4392 locum
1170 4347 1300 4392 nostrum.
