3066 5162
252 327 315 381 xlv

252 480 357 547 codiee
377 496 439 545 uno
461 479 560 545 omniu
582 478 705 547 Lucioni
727 497 821 563 opero
843 487 976 551 emunt.
1020 483 1081 549 Fue
1101 482 1158 547 hos
1181 501 1288 551 omues

252 602 323 682 (qui
344 599 465 667 codices
488 601 640 668 minimum
662 607 753 665 erunt
774 608 922 683 quatuor)
945 610 1086 687 repertos
1108 621 1197 671 esse:
1219 604 1289 669 coi·

251 720 362 787 iotioue
390 726 520 805 quotuor
546 722 681 787 ecdicum
708 740 787 805 opus
816 725 874 786 erit
901 724 993 809 longe
1021 725 1289 813 uerendumque

252 843 365 925 ubique
394 842 547 907 confidere
582 849 739 926 oporteni3
773 863 852 925 quoe
881 863 933 908 res
962 846 992 908 in
1028 853 1073 909 tot
1105 846 1288 913 voluminum

250 964 401 1046 smiptore
423 971 454 1028 et
475 964 504 1031 in
529 971 609 1028 tanin
632 964 792 1030 muliorum
816 966 867 1047 qui
889 967 1010 1031 codices
1025 967 1186 1032 conferunt
1207 968 1287 1033 leui-

253 1090 314 1147 tate
342 1085 390 1148 vei
420 1086 548 1150 nmnime
577 1087 670 1151 urduu
697 1093 729 1150 et
762 1087 932 1169 perindosu
967 1088 1096 1156 uidetur.
1147 1087 1288 1155 Ceterum

252 1207 348 1290 signis
371 1207 507 1271 codicum
529 1208 642 1271 eisdem
666 1225 748 1272 nunc
769 1226 844 1273 usus
873 1226 954 1286 sum,
984 1228 1061 1293 quoe
1082 1209 1229 1274 iacebitio
1258 1210 1288 1277 in

252 1328 300 1393 ed.
323 1329 436 1410 majore
466 1329 652 1412 placuerunt.
697 1328 766 1391 Feci
796 1346 857 1391 non
880 1330 947 1393 sine
971 1349 1036 1395 men
1060 1331 1210 1409 molestie,
1231 1331 1288 1395 sed

253 1470 321 1516 eum
343 1449 506 1532 legentium
530 1449 749 1529 commoditate,
780 1456 812 1514 ut
834 1451 959 1535 pristina
982 1452 1069 1536 signo
1093 1472 1159 1517 meu
1182 1453 1288 1535 purtim

251 1576 413 1634 muntem:
437 1590 497 1654 quo
513 1570 630 1635 facilius
644 1575 675 1633 et
687 1571 756 1634 miii
767 1572 929 1655 pessimum
942 1552 1098 1656 quumque
1108 1574 1287 1657 scripturum

253 1692 419 1774 praeterire
444 1700 478 1755 et
506 1692 610 1757 iectori
640 1691 867 1777 huncquoque
896 1693 1003 1757 eodem
1037 1695 1128 1778 signo
1156 1695 1287 1779 agnitum

253 1811 332 1896 opud
360 1812 540 1876 timonium
570 1814 706 1895 invenire
732 1814 847 1877 liceret.
893 1814 968 1877 'i'um
999 1815 1084 1878 otium
1108 1811 1287 1899 optimorum

252 1933 337 1999 codd.
360 1934 549 1998 coitutionem
579 1953 639 2019 ego
661 1936 743 2017 ipse,
765 1935 851 1997 ulium
873 1935 1039 1999 incohiiius
1063 1938 1287 2019 usurpavimus,

253 2073 379 2139 murum
396 2057 453 2121 utri
469 2056 649 2120 credendum
664 2055 714 2135 sit,
737 2056 802 2139 pori
823 2056 983 2139 utrobique
998 2057 1186 2140 singulorum
1202 2057 1287 2123 codd.

251 2179 341 2261 signo
364 2176 479 2241 iociiius
502 2178 559 2240 erit
581 2177 757 2259 dijudicare:
780 2195 849 2240 nem
873 2178 943 2243 miii
967 2178 1064 2240 minus
1088 2178 1287 2261 quaesitum

253 2280 400 2381 principio
428 2296 516 2381 injus
545 2298 648 2379 operis
677 2298 771 2361 videri
799 2305 920 2381 potest,
950 2317 1038 2381 quem
1069 2304 1103 2363 ut
1131 2299 1287 2363 doctorum

252 2420 403 2483 hominnm
429 2418 539 2501 judicio
569 2417 754 2502 defugerem.
799 2417 929 2481 Omnino
957 2420 1100 2501 mojorem
1128 2418 1287 2485 editionem

250 2540 378 2604 Jocobiti
396 2541 458 2622 jum
479 2556 560 2602 nunc
581 2539 759 2602 exolescere
781 2556 842 2602 non
866 2539 971 2622 potiar,
994 2539 1044 2621 qui
1068 2538 1114 2602 vir
1127 2544 1159 2602 et
1171 2538 1201 2600 in
1217 2538 1287 2602 diu-

234 2630 330 2744 'iogio
358 2660 471 2740 uiuunt
500 2659 625 2742 primum
655 2661 782 2737 seorsim
817 2659 904 2723 editis
941 2659 1081 2724 nonnullo
1114 2660 1181 2743 ipse
1211 2660 1288 2723 bene

253 2782 395 2858 conexit,
419 2787 450 2843 et
472 2786 566 2843 totum
589 2780 761 2859 Lucienum,
784 2781 939 2863 muniuit,
961 2781 1028 2844 sive
1050 2782 1155 2865 exegit
1176 2780 1213 2845 ud
1228 2797 1286 2842 co-

253 2902 350 2966 dicum
380 2918 514 2965 normam
544 2901 610 2964 sive
639 2901 752 2966 studuit
781 2902 914 2986 exigere.
965 2900 1052 2964 Adeo
1086 2919 1176 2983 quem
1205 2899 1288 2965 multi

253 3040 333 3087 nune
356 3028 484 3101 vexent,
512 3041 580 3087 eum
603 3040 664 3105 ego
686 3040 746 3085 non
768 3022 871 3085 rodam
895 3021 1030 3087 aemulus
1053 3021 1212 3098 aemulum,
1233 3019 1288 3085 sed

252 3144 379 3208 tondebo
402 3142 579 3224 discipulum
602 3142 755 3225 magister.
799 3142 906 3225 Neque
929 3149 1010 3206 totus
1024 3142 1152 3205 iacobiti
1174 3140 1286 3204 Lucia-

253 3281 310 3329 nus
333 3284 372 3327 ex
394 3262 430 3326 iis
455 3281 532 3344 quos
555 3281 637 3328 nune
665 3263 723 3326 edo
755 3263 836 3326 tibris
867 3263 1035 3328 metiendus
1057 3269 1116 3327 est.
1140 3261 1235 3327 iiam
1258 3261 1287 3321 in

251 3385 336 3449 Guiio
371 3385 419 3449 iiie
448 3385 483 3467 ii.
514 3384 611 3448 Kiotzi
647 3385 915 3449 conformationem
954 3385 1044 3447 tacito
1071 3383 1202 3466 repetiit.
1253 3381 1286 3444 ln

251 3511 382 3589 quotuor
395 3506 460 3571 otiis
476 3506 559 3569 iibris
581 3506 729 3584 (somnio,
744 3492 934 3583 Prometheo,
949 3505 1077 3589 Nigrino
1092 3510 1123 3568 et
1140 3503 1286 3567 vocalium

246 3627 381 3710 judicio)
405 3628 531 3710 pristino
554 3627 696 3691 recensio
719 3645 794 3704 meo,
818 3625 962 3691 Rostoeiri
985 3626 1033 3689 iiia
1056 3644 1083 3691 n.
1105 3622 1189 3688 183⁰
1209 3624 1287 3687 edito

251 3748 475 3813 fundumentum
505 3754 553 3810 est
582 3748 763 3825 editionum,
792 3766 869 3829 quoe
899 3753 1023 3813 senune
1051 3751 1125 3810 sunt
1145 3744 1286 3809 omnium

250 3868 326 3933 Num
349 3875 380 3933 et
400 3869 565 3933 incubitius
588 3887 683 3932 meum
706 3869 914 3931 recensionem
937 3868 967 3929 in
990 3868 1037 3934 ed.
1061 3869 1175 3953 majore
1197 3866 1286 3931 metio

157 4068 168 4080 ι
250 3989 414 4072 exscripsit
436 3995 467 4051 et
489 3989 764 4067 comminuendi,
794 3989 823 4052 id
845 3996 894 4052 est
922 4008 1020 4053 meum
1045 3994 1160 4055 textum
1181 3986 1287 4049 ieviter

252 4117 395 4177 mutatum
419 4110 617 4173 retinuerunt.
661 4109 707 4172 Ne
730 4109 823 4192 igitur
842 4109 1007 4191 inccndio,
1037 4109 1088 4191 qui
1118 4126 1164 4171 me
1188 4108 1218 4168 in
1240 4106 1286 4171 his

251 4232 363 4314 ubique
383 4233 488 4295 ducem
511 4231 659 4313 sequitur,
681 4249 740 4314 ego
764 4248 819 4295 sue
842 4231 957 4294 seilicet
979 4232 1129 4295 ademisse
1152 4228 1285 4291 viderer:

252 4353 310 4419 sub
332 4352 421 4415 tinem
443 4352 667 4415 adnotationum
691 4353 846 4434 pristinum
866 4354 1075 4417 recensionem
1097 4368 1191 4412 meum
1206 4322 1287 4413 nune

251 4480 392 4558 repetere
414 4479 537 4537 coactus
560 4490 637 4536 sum.
