3050 5160
276 424 351 496 210
659 449 926 504 Αιιτιουκκυου

275 622 341 712 φόν
363 622 458 709 δίκην
479 620 625 712 ἐχούσης,
657 620 806 708 κρίθητι,
837 619 918 708 ἔφη·
954 617 996 687 οὑ
1016 615 1078 708 γάρ
1101 615 1133 684 εί
1151 613 1268 701 Δανάη
1289 614 1310 700 ἢ

271 728 437 815 Ἀκρισίου
466 726 629 816 θυγάτηρ.
676 729 731 794 48.
766 724 910 811 μάλιστα
940 723 976 790 tt
1003 724 1154 809 ἐπολέμει
1182 734 1252 797 τοῖς
1274 719 1312 787 οὐ

209 851 258 906 tta
275 830 360 921 πρός
393 830 556 918 ἀλήθειαν
588 835 609 873 ⁴*
642 828 721 896 ἀλλὰ
760 828 843 915 πρὸς
881 828 1033 904 ἐπίδειξιν
1065 829 1309 915 φιλοσοφοῦσιν.

276 947 334 1005 ένα
355 943 435 1027 γοῦν
460 934 539 1003 ίόοίν
556 932 718 1014 Κυνικόν,
741 933 884 1021 τρίβωνα
904 935 970 1019 ,nlo
990 932 1045 998 καί
1065 929 1179 1017 πήραν
1199 930 1312 1019 ἔχοντα

277 1042 351 1109 ἄντί
373 1041 410 1108 tl
430 1049 490 1126 τῆς
510 1040 688 1127 βακτηρίας
714 1040 850 1125 ὕπερον,
880 1033 1057 1125 κεκραγότα
1084 1037 1138 1103 καί
1164 1037 1309 1123 λέγοντα,

278 1216 329 1271 οὑκ
347 1214 374 1271 εί
389 1214 486 1285 Δανάη
504 1215 522 1284 ἡ
538 1214 677 1285 Ἀκρισίου
697 1212 835 1284 θυγάτηρ.
865 1217 958 1268 eadem
979 1216 1077 1268 Suidss
1090 1233 1113 1268 s.
1130 1210 1309 1281 Ἀκρισίαίιιι-

276 1308 332 1371 bet,
351 1308 397 1358 uhi
411 1309 451 1358 sic
461 1308 568 1373 lnclpit:
588 1299 723 1358 Γυναικός
738 1320 814 1359 τινος
830 1298 943 1366 Δανάης
958 1298 1083 1370 τοὺνομα
1102 1296 1311 1361 δυσπινθιὺτ-,

277 1400 381 1461 partem
406 1393 488 1445 habet
512 1395 593 1444 etiarn
611 1395 731 1444 Zonaras
754 1407 775 1442 s.
795 1387 890 1455 Δανάη
911 1409 937 1457 p.
958 1392 1024 1456 468,
1053 1395 1098 1457 qni
1122 1393 1180 1456 ipse
1206 1405 1312 1456 qnoque

278 1481 372 1532 scribit
394 1479 512 1548 κρίθητι
533 1482 581 1529 καί
604 1474 644 1530 σὺ.
682 1496 697 1530 e
721 1478 806 1529 Snida
828 1480 911 1544 igitur
937 1484 965 1528 ct
990 1480 1096 1530 Zonara
1122 1478 1166 1528 hic
1185 1477 1313 1541 conjicio:

277 1562 401 1633 ε’γοὺσητ,
421 1566 548 1632 κρίθητι,
566 1562 632 1633 ἔφη,
652 1567 710 1616 καί
729 1559 766 1614 σὺ
785 1590 829 1624 -,
855 1567 1013 1629 pracsertim
1032 1581 1113 1630 quum
1132 1579 1242 1629 prorsus
1260 1564 1312 1612 Ln-

280 1657 403 1707 cisneam
422 1656 457 1705 sit
474 1654 539 1705 illud
558 1651 675 1718 κρέθητι
698 1654 744 1702 καί
763 1646 805 1711 οὑ,
833 1651 909 1702 velut
931 1653 959 1702 in
979 1651 1057 1702 Gallo
1081 1668 1106 1702 c.
1128 1650 1173 1704 ll:
1197 1644 1311 1716 πάριθι,

279 1737 344 1807 ἔφη,
364 1744 411 1792 καί
430 1736 461 1790 σὺ
483 1766 523 1789 -.
562 1740 660 1799 Suidas
678 1746 778 1802 autem,
797 1739 1117 1805 quipcrraroLucianeis
1136 1739 1228 1801 utitur,
1246 1738 1312 1788 haec

277 1834 369 1879 tamen
388 1844 403 1879 e
420 1832 513 1879 nostro
531 1826 593 1879 loco
612 1827 753 1892 deperdita
776 1824 880 1876 scholia
898 1831 1007 1876 secutus
1026 1827 1142 1891 repetiit.
1179 1841 1246 1876 cave
1264 1825 1312 1890 igi·

278 1919 322 1965 tnr
340 1929 410 1980 quae
435 1916 514 1964 unius
538 1912 701 1964 scholiastae
725 1913 846 1971 fuerant,
871 1912 992 1963 Luciano
1020 1913 1157 1978 impertias
1180 1917 1228 1962 aut
1246 1912 1313 1962 hacc

279 2003 356 2068 qnasi
374 2000 469 2052 mutila
491 2002 531 2051 sic
557 1999 676 2051 eSuida
694 2000 818 2066 expleas:
842 1991 923 2061 δίκην
946 1992 1059 2062 έγοὺσητ
1082 1994 1139 2063 [καί
1158 1992 1314 2051 δυσπειθῶς

277 2083 351 2154 πρότ
369 2080 457 2152 αὑτὴν
474 2081 640 2152 ἀπαντώσης
656 2088 701 2138 rel
719 2094 749 2138 ut
766 2086 837 2137 solet
853 2087 1000 2146 Lucienus,
1020 2079 1061 2136 ἐπ’
1082 2082 1169 2151 αὐτὴν
1186 2078 1313 2135 άπαντιό-

279 2171 336 2240 σητ]
354 2173 471 2243 κρίθητι
489 2202 531 2224 -.
568 2176 649 2224 immo
668 2178 698 2224 ut
716 2175 776 2239 ipsa
794 2173 875 2231 dicta,
900 2174 939 2224 sic
958 2175 1038 2225 etiam
1057 2176 1226 2225 narrationes
1243 2172 1312 2238 ejus-

277 2263 351 2315 modi
369 2264 502 2315 brevitate
521 2261 752 2313 commendantur.
789 2260 823 2311 de
845 2260 899 2311 alio
919 2259 1020 2311 Saldae
1038 2260 1099 2312 loco
1119 2279 1140 2313 s.
1157 2254 1315 2312 Λουκιανότ

277 2348 320 2409 2.,
345 2352 391 2416 qui
409 2352 467 2416 ipse
487 2364 595 2415 quoque
614 2364 629 2399 e
648 2346 758 2399 scholiis
782 2349 901 2413 antiquis
923 2348 1032 2399 fluxisse
1049 2348 1166 2411 videtur,
1184 2347 1218 2399 ad
1236 2346 1254 2397 1.
1272 2346 1313 2396 De

278 2437 365 2489 Morte
383 2437 493 2503 Peregr.
518 2452 542 2487 c.
565 2432 595 2487 ll
621 2434 745 2486 disserui.
825 2428 842 2497 ἡ
863 2427 1013 2500 Ἀκρισίου]
1035 2431 1085 2484 τοῦ
1111 2427 1237 2502 ιἰκριοίου
1262 2432 1313 2495 (vel

278 2517 295 2586 ἡ
314 2520 365 2574 τοὺ
385 2518 524 2589 ιἰκρισίου)
543 2524 564 2573 Β
584 2527 752 2587 repugnante
771 2522 852 2572 ctiam
871 2520 963 2572 Suida.

347 2611 390 2663 48.
428 2602 497 2660 iiim
520 2604 650 2673 Κυνικόν]
675 2602 787 2659 κυνικόν
813 2600 882 2657 ι’όιὺν
903 2609 935 2659 P.
1014 2602 1133 2674 ὑπερον,
1162 2601 1313 2675 κεκραγότα

281 2698 393 2750 Gesner.
430 2691 570 2764 ὑπέρογκα
589 2691 744 2763 κεκραγότα
762 2688 876 2763 λέγοντα
895 2696 926 2745 Δ.
964 2689 1103 2763 ὑπέρογκα
1121 2692 1180 2761 (pro
1198 2689 1313 2760 ὑπέρογ-

280 2783 340 2848 κον)
360 2786 440 2837 etiam
458 2784 515 2836 CK.
552 2777 706 2850 ὑπέρογκον
723 2776 878 2850 κεκραγότα
896 2783 942 2831 καί
960 2774 1075 2850 λέγοντα
1091 2781 1173 2847 vulgo
1193 2788 1220 2832 et
1231 2780 1311 2839 ΒΦΡ,

281 2907 330 2959 aad
356 2907 379 2957 F
406 2909 459 2958 sic:
485 2882 652 2974 βακτηρίας,
681 2883 836 2973 ὑπέρογκον
862 2883 1015 2972 κε’κραγότῦι
1041 2906 1087 2954 καί
1115 2897 1228 2970 λέγοντα
1252 2905 1315 2965 (tria

280 2998 383 3058 puncta
398 3009 431 3057 pr
448 2993 485 3053 m)
505 3011 566 3046 cnm
584 2994 636 3045 hoc
655 2993 758 3044 scholio
782 2994 810 3043 in
828 3009 918 3058 marg:
942 2986 978 3046 οὑκ
995 2986 1064 3055 ὑπέρ
1082 2987 1114 3041 τό
1135 2984 1200 3041 ono
1216 3005 1314 3056 κεκρα-

280 3072 518 3147 γόταἻότερέόου
543 3075 629 3131 αὑτόν
653 3074 713 3130 clas
736 3074 878 3145 μαθητήν.
916 3085 1029 3146 apparet
1051 3079 1122 3130 hunc
1145 3078 1315 3131 scholiastam

281 3165 395 3217 ridicule
413 3166 578 3233 conjecisse:
596 3162 681 3233 ὑπὲρ
699 3161 737 3216 τό
758 3159 841 3217 δέον
857 3161 1021 3233 κεκραγότα.
1060 3165 1164 3217 Gesner
1175 3181 1239 3216 vcro
1257 3166 1315 3230 ipse

281 3252 363 3305 modo
381 3260 456 3305 recte
474 3256 583 3320 scripsit
599 3248 713 3321 ὑπερον,
734 3248 903 3322 κεκραγότα,
933 3254 1013 3306 modo
1037 3269 1091 3304 non
1113 3252 1183 3303 bene
1200 3248 1314 3315 ὑπερον,

281 3333 437 3409 ὑπέρογκον
453 3335 609 3408 κεκραγότα
627 3343 744 3402 (comma
766 3358 820 3393 non
844 3358 900 3393 rern
925 3342 1042 3393 correxit
1060 3339 1190 3391 Schaafor
1206 3341 1234 3389 in
1252 3338 1314 3388 Mel.

283 3426 326 3480 Cr.
345 3444 372 3492 p.
391 3427 439 3483 ⁷2:
458 3422 564 3494 ὑπερον
581 3423 744 3496 ὑπέρογκον,
764 3423 939 3496 κεκραγότα).
969 3434 1064 3480 contra
1081 3434 1155 3478 recte
1167 3426 1272 3477 Gcsncr
1288 3431 1315 3475 et

283 3513 422 3579 Schaefcr,
441 3531 512 3567 nunc
531 3518 612 3566 etiarn
624 3532 683 3567 curn
695 3517 819 3568 Bclskero
831 3516 986 3567 Dindorfius
1003 3508 1158 3581 κεκραγότα
1174 3514 1316 3578 scripsere,

282 3602 329 3668 qai
347 3606 519 3654 accusativus
542 3603 576 3654 ab
594 3603 640 3654 illo
661 3595 729 3653 ι’όοίν
746 3604 854 3669 pendet.
891 3603 960 3654 malo
979 3608 1068 3653 antem
1086 3595 1192 3668 ὑπερον
1207 3603 1253 3649 καί
1271 3614 1315 3649 κε·

281 3682 405 3755 κραγότα
423 3690 644 3742 Hensterhnsius
663 3693 689 3741 in
704 3691 808 3741 Anecd.
825 3685 891 3756 (rt),
910 3690 1030 3752 Belinns,
1050 3688 1215 3749 Schmieder‚
1233 3688 1314 3738 Jaco-

282 3775 364 3827 hitins
383 3777 571 3843 conjecerunt:
596 3779 647 3830 etsi
670 3780 740 3828 enirn
759 3772 900 3844 ὑπέρογκα
924 3792 957 3827 ex
975 3770 1080 3841 ὑπερον
1101 3774 1256 3826 acinetum
1275 3783 1317 3826 est

281 3867 374 3913 tamen
393 3862 443 3924 (uti
461 3866 484 3915 Α
502 3881 574 3916 nnnc
593 3864 684 3926 docet)
708 3866 755 3913 sat
778 3866 896 3930 pertinet
918 3862 953 3913 ad
974 3855 1097 3929 λέγοντα.
1133 3862 1199 3913 iliad
1217 3863 1315 3927 optimo

280 3948 517 4002 Hemstcrhnsius:
536 3968 612 4014 „non
632 3951 714 4003 credo
734 3951 786 4002 dici
804 3944 960 4017 ὑπέρογκον
977 3948 1148 4017 κεκραγέναι.
1175 3949 1254 4000 simul
1267 3965 1314 4014 pa-

282 4040 322 4086 tet
340 4038 407 4087 ratio
422 4036 481 4100 joci
499 4030 657 4102 ’Ῥπερίόου
680 4031 845 4104 μαόητησ.“
881 4043 1000 4088 ceteram
1024 4031 1178 4102 κικραγότα
1194 4036 1223 4086 in
1241 4038 1315 4101 cyni-

281 4137 342 4171 cum
361 4122 456 4184 (voluti
472 4123 515 4173 De
533 4124 613 4175 Mort.
633 4125 743 4191 Per-egr.
764 4125 779 4173 5
796 4122 866 4185 init.)
892 4123 962 4174 bene
981 4124 1105 4189 quadrat.
1185 4115 1316 4187 ζηλωτὴς]

280 4202 412 4273 μαθητὴν
429 4208 460 4260 F.
527 4205 696 4277 ’Ῥπεριίόοο
716 4210 880 4262 Dindorfius.
915 4202 1154 4275 libri‘lhrspioav.
1182 4210 1231 4260 sed
1248 4209 1315 4261 alta·

280 4310 339 4345 rnm
356 4294 462 4360 legerat
479 4296 624 4351 scholiasta
643 4302 702 4366 qni:
731 4289 769 4353 ειί
790 4293 822 4348 τό
849 4290 977 4365 άραβόον
995 4290 1132 4365 ὑιασὺρει,
1157 4297 1254 4363 inquit,
1281 4290 1318 4349 οὑσ

194 4406 199 4415 ·
278 4373 496 4449 ὑπιριίοιοιτ
514 4375 657 4451 δυόμενον.
