3086 5154
292 368 342 442 84
695 399 924 452 Αστκικνον

288 567 453 658 γησαντός
482 594 571 645 τινος
600 562 681 654 ἧκον
705 568 747 636 ἀν
769 569 826 637 ἐπί
844 595 936 646 τινας
957 570 1084 657 θύρας,
1119 575 1260 661 βεβαίας
1282 576 1333 639 ἐλ-

289 675 391 749 πίσας
419 670 495 740 τότε
522 681 605 763 γοῦν
635 672 825 760 εὑρηκέναι·
859 673 1120 762 τεκμαιρόμενος
1140 686 1185 765 τῶ
1206 676 1333 763 πλήθει

222 796 273 863 {58⁰
290 786 353 846 τῶν
377 775 530 845 ἐσιόντων
551 804 588 844 τε
617 780 669 844 καί
697 782 715 820 *
745 776 906 858 ἐξιόντων,
940 778 1099 847 ἁπάντων
1129 789 1333 867 σκυθρωπῶν

289 882 343 947 καί
372 879 412 947 τά
445 879 597 970 σχήματα
627 881 789 949 εὐσταλῶν
811 884 864 949 καί
888 892 1121 969 φροντιστικῶν
1142 883 1205 970 τήν
1226 883 1331 970 πρόσ-

291 1002 390 1073 οψιν·
436 984 521 1071 μετὰ
560 984 687 1052 τούτων
725 983 787 1053 οάν
819 989 1113 1075 ξυμπαραβυσθείς
1145 989 1198 1054 καί
1233 987 1333 1064 αότδς

291 1091 446 1175 ἐσῆλθον.
484 1088 553 1156 εἶτα
584 1088 691 1177 ἑώρων
718 1087 857 1179 γόναιόν
885 1117 917 1157 τι
946 1090 1004 1180 οὐχ
1034 1088 1203 1170 ἀπλολκόν,
1230 1096 1261 1158 εἰ
1280 1094 1333 1159 καί

293 1197 343 1262 ότι
363 1192 505 1281 μάλιστα
529 1199 561 1269 ές
577 1191 615 1261 τό
639 1194 753 1280 ἀφελές
774 1196 827 1260 καί
848 1193 1044 1282 ἀκόσμητον
1066 1194 1188 1282 ἑαυτὴν
1211 1195 1333 1284 ἐρρόθ-
1407 1202 1412 1209 “

290 1303 395 1387 μιζεν,
422 1295 500 1366 ἀλλά
523 1296 689 1385 κατεφάνη
711 1324 772 1385 μοι
789 1299 905 1365 αὐτίκα
924 1300 1000 1367 οὔτε
1019 1297 1058 1368 τό
1076 1300 1195 1369 ἄνετον
1215 1302 1333 1369 δοκοῦν

291 1412 351 1489 τῆς
379 1400 487 1490 κόμης
517 1402 761 1471 ἀκαλλώπιστον
790 1409 875 1471 ἐῶσα
905 1403 982 1472 οὔτε
1011 1414 1070 1472 τοῦ
1107 1407 1241 1492 ίματίου
1268 1410 1333 1491 την

293 1507 463 1596 ἀναβολήν
496 1507 755 1594 ἀνεπιτηδεύτως
788 1510 1058 1594 περιστέλλουσα·
1100 1506 1265 1595 πρόδηλος
1298 1509 1334 1577 δὲ

292 1610 336 1700 ἦν
358 1614 571 1700 κοσμουμένη
604 1613 714 1688 αὐτοῖς
735 1613 788 1679 καί
811 1611 894 1699 πρὸς
917 1613 1115 1699 εὐπρέπειαν
1136 1622 1180 1701 τῶ
1204 1615 1331 1700 ἀθερα-

293 1716 403 1804 πεότιγ
435 1716 584 1783 δοκοῦντι
617 1718 864 1807 προσχρωμένη.
912 1716 1112 1804 ὑπεφαίνετο
1147 1719 1183 1785 δέ
1215 1745 1246 1785 τι
1279 1719 1332 1784 καί

294 1820 463 1907 ψιμόθιον
491 1821 544 1886 καί
577 1826 678 1905 φῦκος
711 1823 764 1887 καί
796 1821 1007 1908 ἐντρίμματα
1031 1822 1144 1890 πάντα
1173 1821 1213 1889 τά
1245 1831 1334 1889 έται-
1360 1886 1367 1897 ,

294 1924 385 2013 ρικά·
431 1925 485 1989 καί
519 1926 741 2012 ἐπαινουμένη
776 1924 843 1992 όπὸ
876 1934 941 1993 τῶν
975 1932 1119 2012 ἐραστῶν
1152 1932 1183 2002 ἐς
1220 1925 1334 2003 κάλλος

295 2030 416 2120 ἔχαιρε,
464 2028 516 2093 καί
561 2034 591 2095 εἰ
633 2030 706 2115 δοίη
751 2056 817 2110 τις,
871 2031 1046 2121 προχείρως
1089 2031 1232 2120 ἐδέχετο,
1279 2033 1333 2098 καί

227 2156 274 2210 581
294 2147 364 2209 τοῖς
384 2134 632 2219 πλουσιωτέροις
662 2134 702 2199 ἀν
730 2137 1032 2222 παρακαθισαμένη
1057 2136 1198 2221 πλησίον
1219 2140 1237 2178 *
1259 2133 1335 2211 τοός

294 2239 439 2323 πένητας
467 2246 531 2304 τῶν
561 2243 705 2324 ἐραστῶν
735 2237 812 2305 οὐδὲ
841 2240 1074 2325 προσέβλεπεν.
1118 2237 1271 2315 πολλάκις
1299 2239 1335 2306 δὲ

295 2344 348 2410 καί
369 2342 602 2432 γυμνωθείσης
632 2341 734 2427 αὐτῆς
763 2340 845 2408 κατά
870 2340 909 2410 τό
934 2340 1091 2409 ἀκούσιον
1113 2340 1221 2429 ἑώρων
1242 2368 1335 2429 περι·
1362 2394 1367 2401 .

296 2447 409 2533 δέραια
431 2453 532 2535 χρυσῶ
551 2452 618 2512 τῶν
634 2448 746 2512 κλοιῶν
765 2444 941 2536 παχύτερα.
967 2448 1021 2513 ἐπί
1040 2444 1130 2514 πόδα
1149 2441 1211 2513 οὖν
1234 2445 1336 2522 εόθάς

296 2551 506 2636 ἀνέστρεφον,
543 2551 701 2638 οἰκτείρας
731 2546 854 2635 δηλαδή
883 2549 962 2625 τοὺς
990 2551 1233 2636 κακοδαίμονας
1256 2548 1335 2615 έκεί-

296 2680 374 2731 νους
397 2653 435 2721 σό
459 2662 519 2740 τῆς
541 2653 641 2739 ῥινός,
674 2651 752 2720 ἀλλά
774 2660 832 2720 τοῦ
856 2651 1013 2742 πώγωνος
1036 2655 1229 2741 ἑλκομένους
1251 2654 1336 2739 πρὸς

297 2758 399 2844 αὐτῆς
428 2759 481 2824 καί
503 2757 585 2825 κατὰ
607 2757 665 2825 τόν
684 2757 801 2835 Ἰξίονα
824 2755 941 2846 ελδώλφ
964 2756 1036 2825 ἀντί
1058 2766 1117 2842 τῆς
1131 2758 1238 2844 Ἥρας
1260 2762 1334 2834 ξυν-

297 2862 406 2939 όντας.
458 2862 505 2927 13.
535 2861 692 2929 ΠΛΑΤ.
723 2869 821 2929 τοῦτο
844 2866 907 2948 μέν
931 2860 1040 2948 ὀρθῶς
1063 2861 1186 2937 ἔλεξας·
1213 2859 1250 2926 οό
1273 2857 1334 2950 γάρ

296 3026 443 3078 scholiasta
461 3024 561 3074 Graevi
585 3027 727 3089 utrumque
750 3024 832 3075 habet
850 3025 902 3074 εἰει
932 3015 1073 3089 έγχέλιωνε
1099 3016 1228 3072 κλοιῶν.’
1289 3016 1335 3071 έπλ

296 3104 386 3164 πόδας
411 3096 461 3158 σόν
483 3102 568 3162 nme
591 3110 675 3159 ΛΒΨ.
712 3106 801 3161 ταῦτα
827 3102 896 3160 ι’δών
920 3103 966 3159 έπί
988 3102 1079 3163 πόδας
1104 3096 1139 3158 πό
1164 3102 1210 3169 (ἀν
1233 3125 1281 3174 pro
1301 3095 1336 3158 αό

296 3198 398 3249 habent
417 3195 482 3257 ΦΜ)
507 3191 592 3250 εόθός
616 3196 721 3248 ΤΠΦΜ
746 3204 773 3248 et
795 3214 821 3247 v.
859 3192 904 3246 έπλ
927 3189 1018 3250 πόδας
1040 3203 1130 3248 tamen
1154 3196 1215 3248 libri
1234 3212 1335 3257 omnes,

297 3302 345 3351 pro
365 3301 418 3351 quo
436 3284 507 3334 bene
527 3283 646 3334 Cobotus
664 3286 696 3334 V.
717 3285 748 3334 L.
774 3302 800 3350 p.
820 3285 853 3336 89
873 3279 918 3334 ἐπὶ
935 3277 1012 3334 πόδα
1031 3285 1155 3335 correxit.
1238 3277 1270 3332 οό
1287 3279 1337 3347 τῆς

298 3368 375 3437 ῥινός
399 3363 468 3420 ἀλλὰ
491 3367 541 3419 τοῦ
565 3366 697 3437 πώγωνος
714 3364 767 3420 ε’λκ.
792 3387 822 3421 π.
849 3366 934 3435 αότῆς
956 3372 1039 3422 ΑΒΨ.
1077 3365 1131 3420 έλιι.
1151 3387 1181 3421 π.
1201 3364 1285 3434 αότῆς
1303 3364 1335 3419 οό

296 3456 346 3522 τῆς
363 3454 441 3523 ῥινός
459 3450 528 3507 ἀλλὰ
544 3456 595 3506 τοῦ
614 3453 746 3525 πώγωνος
765 3460 790 3507 Φ
809 3465 837 3510 et
853 3475 879 3508 ν.
949 3451 1059 3523 Ἰξίονα]
1081 3449 1177 3516 ι’ξίωνα
1197 3458 1219 3507 Α
1238 3456 1286 3518 (ita
1303 3455 1335 3513 A)

297 3547 328 3597 Β.
393 3539 489 3610 Ἥρας]
509 3537 583 3611 ώρας
600 3546 657 3596 ΑΨ.

370 3633 411 3685 13.
448 3626 686 3700 οόγὰρφεετ,
724 3624 790 3682 οόδί
808 3629 861 3700 γὰρ
881 3634 958 3683 ΑΒΨ.
1032 3624 1186 3683 ἀλλ’Φοί
1203 3647 1229 3681 v.
1266 3615 1335 3679 ἀλλά

296 3723 352 3774 ΑΒ.
424 3713 528 3785 δεήσει]
549 3712 607 3769 δέει
629 3721 661 3769 Ψ.
735 3715 888 3769 ἐπανιοῦσα
899 3720 1017 3770 ΑΒολτ.
1047 3713 1165 3768 ἀνιοῦσα
1184 3717 1265 3769 ΦΜει.

297 3816 360 3861 anie
377 3807 461 3860 τοῦτο
480 3825 597 3874 persona
615 3811 642 3858 in
661 3809 692 3858 Α.
763 3804 848 3856 τοῦτο
866 3804 919 3874 γὰρ
943 3807 994 3855 ΨΦ
1013 3804 1135 3867 (diserte)
1154 3811 1225 3855 etv.
1252 3801 1335 3854 τοῦτο

297 3897 354 3958 AB,
379 3897 451 3962 quod
470 3897 561 3945 vitium
582 3912 596 3945 ο
615 3895 684 3945 salsa
701 3900 764 3944 unte
782 3889 865 3942 τοῦτο
884 3910 1000 3959 persona
1023 3899 1115 3944 natum
1135 3898 1184 3943 est.
1221 3891 1335 3956 εεγιιδε-

297 3988 344 4034 ton
362 3984 406 4033 hic
424 3986 543 4046 ineptum
563 3985 613 4031 est.
650 3981 703 4031 dici
721 3981 747 4031 h.
768 3982 785 4030 Ι.
807 3982 887 4031 debet
911 3988 957 4032 aut
978 3976 1062 4030 τοῦτο
1079 3974 1148 4047 γοῦν
1169 3979 1209 4044 (ut
1227 3981 1253 4029 in
1272 3979 1335 4030 δον.

298 4071 380 4133 Τεκη.
400 4068 416 4131 ἦ
436 4068 467 4119 37
487 4066 553 4129 ἀπ),
579 4067 651 4132 quod
669 4069 695 4116 in
714 4067 783 4119 libro
803 4074 844 4118 est
861 4069 951 4130 nullo,
976 4073 1022 4117 aut
1039 4062 1122 4115 τοῦτο
1140 4061 1204 4133 γάρ.
1241 4066 1275 4117 δε
1293 4081 1334 4116 re·

297 4159 384 4223 potita
397 4155 500 4206 'vocula
516 4149 570 4221 γὰρ
588 4154 649 4203 vide
669 4154 792 4216 Quaestt.
811 4171 836 4220 p.
861 4154 918 4206 184.
997 4152 1091 4204 ποιεῖν
1108 4149 1175 4207 έθοε
1194 4152 1334 4205 ΑΒΨΦΜ.

299 4240 366 4297 ἔθος
383 4240 477 4292 ποιεῖν
494 4257 519 4290 τ.
591 4241 776 4308 προσέρχεται
792 4242 971 4294 ΑΒΕΨΒἸὟ.
1006 4235 1155 4306 πρόσεισιν
1169 4241 1233 4291 Φεε
1241 4257 1266 4291 v.

298 4332 359 4382 libri
376 4325 428 4396 τὴν
445 4323 562 4395 κόσμιον
579 4325 630 4396 τὴν
649 4324 704 4381 ἀπὸ
724 4325 773 4379 τοῦ
794 4325 930 4394 σχήματος
948 4327 980 4392 (Δ
992 4333 1088 4394 etpost
1102 4321 1221 4392 κόσμιον
1239 4332 1337 4393 etpost
