<?xml version="1.0" encoding="UTF-8"?>
<!DOCTYPE html PUBLIC "-//W3C//DTD XHTML 1.0 Transitional//EN"
    "http://www.w3.org/TR/xhtml1/DTD/xhtml1-transitional.dtd">
<html xmlns="http://www.w3.org/1999/xhtml" xml:lang="en" lang="en">
 <head>
  <title>
</title>
<meta http-equiv="Content-Type" content="text/html;charset=utf-8" />
  <meta name='ocr-system' content='tesseract 3.04.00' />
  <meta name='ocr-capabilities' content='ocr_page ocr_carea ocr_par ocr_line ocrx_word'/>
</head>
<body>
  <div class='ocr_page' id='page_1' title='image "./lucianussamosat00fritgoog_0524.png"; bbox 0 0 3066 5162; ppageno 0'>
   <div class='ocr_carea' id='block_1_1' title="bbox 277 399 908 507">
    <p class='ocr_par' dir='ltr' id='par_1_1' title="bbox 277 399 908 507">
     <span class='ocr_line' id='line_1_1' title="bbox 277 399 908 507; baseline 0.006 -32"><span class='ocrx_word' id='word_1_1' title='bbox 277 399 353 507; x_wconf 69' lang='lat'><strong>1⁰⁸.</strong></span> <span class='ocrx_word' id='word_1_2' title='bbox 679 427 908 481; x_wconf 75' lang='grc' dir='ltr'><strong><em>κουτικιισυ</em></strong></span> 
     </span>
    </p>
   </div>
   <div class='ocr_carea' id='block_1_2' title="bbox 209 596 1324 4413">
    <p class='ocr_par' dir='ltr' id='par_1_2' title="bbox 209 596 1324 4413">
     <span class='ocr_line' id='line_1_2' title="bbox 273 596 1316 688; baseline 0 -22"><span class='ocrx_word' id='word_1_3' title='bbox 273 612 342 674; x_wconf 78' lang='grc' dir='ltr'><strong><em>τοῖς</em></strong></span> <span class='ocrx_word' id='word_1_4' title='bbox 365 599 522 688; x_wconf 70' lang='grc' dir='ltr'><strong><em>αἰγιαλοῖς</em></strong></span> <span class='ocrx_word' id='word_1_5' title='bbox 550 596 705 682; x_wconf 78' lang='grc' dir='ltr'><strong><em>ψηφίδων</em></strong></span> <span class='ocrx_word' id='word_1_6' title='bbox 728 597 901 685; x_wconf 78' lang='grc' dir='ltr'><em>διαφέρον·</em></span> <span class='ocrx_word' id='word_1_7' title='bbox 945 599 1028 665; x_wconf 85' lang='grc' dir='ltr'><strong><em>όταν</em></strong></span> <span class='ocrx_word' id='word_1_8' title='bbox 1051 597 1087 665; x_wconf 77' lang='grc' dir='ltr'><strong><em>δέ</em></strong></span> <span class='ocrx_word' id='word_1_9' title='bbox 1107 624 1156 674; x_wconf 90' lang='grc' dir='ltr'><strong><em>τις</em></strong></span> <span class='ocrx_word' id='word_1_10' title='bbox 1184 604 1316 666; x_wconf 77' lang='grc' dir='ltr'><strong><em>ἐπικου-</em></strong></span> 
     </span>
     <span class='ocr_line' id='line_1_3' title="bbox 274 700 1316 790; baseline 0 -21"><span class='ocrx_word' id='word_1_11' title='bbox 274 702 347 790; x_wconf 92' lang='grc' dir='ltr'><strong><em>ρίας</em></strong></span> <span class='ocrx_word' id='word_1_12' title='bbox 370 700 527 789; x_wconf 88' lang='grc' dir='ltr'><strong><em>δεόμενος</em></strong></span> <span class='ocrx_word' id='word_1_13' title='bbox 558 709 683 787; x_wconf 77' lang='grc' dir='ltr'><strong><em>ἑταῖρος</em></strong></span> <span class='ocrx_word' id='word_1_14' title='bbox 712 707 746 767; x_wconf 75' lang='grc' dir='ltr'><strong><em>ἐκ</em></strong></span> <span class='ocrx_word' id='word_1_15' title='bbox 772 703 916 767; x_wconf 78' lang='grc' dir='ltr'><strong><em>παλαιοῦ</em></strong></span> <span class='ocrx_word' id='word_1_16' title='bbox 944 702 997 767; x_wconf 85' lang='grc' dir='ltr'><strong><em>καί</em></strong></span> <span class='ocrx_word' id='word_1_17' title='bbox 1027 702 1119 788; x_wconf 76' lang='grc' dir='ltr'><strong><em>φίλος</em></strong></span> <span class='ocrx_word' id='word_1_18' title='bbox 1142 701 1211 769; x_wconf 82' lang='grc' dir='ltr'><strong><em>ἀπὸ</em></strong></span> <span class='ocrx_word' id='word_1_19' title='bbox 1233 704 1316 769; x_wconf 83' lang='grc' dir='ltr'><strong><em>πολ·</em></strong></span> 
     </span>
     <span class='ocr_line' id='line_1_4' title="bbox 272 801 1316 894; baseline -0.003 -20"><span class='ocrx_word' id='word_1_20' title='bbox 272 811 339 874; x_wconf 87' lang='grc' dir='ltr'><strong><em>λιόν</em></strong></span> <span class='ocrx_word' id='word_1_21' title='bbox 372 806 464 894; x_wconf 87' lang='grc' dir='ltr'><strong><em>ὀλίγα</em></strong></span> <span class='ocrx_word' id='word_1_22' title='bbox 497 810 572 893; x_wconf 83' lang='grc' dir='ltr'><strong><em>αἰτῇ</em></strong></span> <span class='ocrx_word' id='word_1_23' title='bbox 611 801 825 891; x_wconf 76' lang='grc' dir='ltr'><strong><em>προσελθαλν,</em></strong></span> <span class='ocrx_word' id='word_1_24' title='bbox 868 803 973 891; x_wconf 81' lang='grc' dir='ltr'><strong><em>σιωπή</em></strong></span> <span class='ocrx_word' id='word_1_25' title='bbox 1008 807 1061 871; x_wconf 84' lang='grc' dir='ltr'><strong><em>καί</em></strong></span> <span class='ocrx_word' id='word_1_26' title='bbox 1101 805 1225 893; x_wconf 81' lang='grc' dir='ltr'><strong><em>ἀπορία</em></strong></span> <span class='ocrx_word' id='word_1_27' title='bbox 1263 808 1316 871; x_wconf 84' lang='grc' dir='ltr'><strong><em>καί</em></strong></span> 
     </span>
     <span class='ocr_line' id='line_1_5' title="bbox 274 905 1316 997; baseline -0.002 -20"><span class='ocrx_word' id='word_1_28' title='bbox 274 910 410 997; x_wconf 89' lang='grc' dir='ltr'><strong><em>ἀμαθία</em></strong></span> <span class='ocrx_word' id='word_1_29' title='bbox 431 910 485 977; x_wconf 87' lang='grc' dir='ltr'><strong><em>καί</em></strong></span> <span class='ocrx_word' id='word_1_30' title='bbox 506 908 687 995; x_wconf 75' lang='grc' dir='ltr'><strong><em>παλινῳδία</em></strong></span> <span class='ocrx_word' id='word_1_31' title='bbox 708 915 771 975; x_wconf 82' lang='grc' dir='ltr'><strong><em>τῶν</em></strong></span> <span class='ocrx_word' id='word_1_32' title='bbox 794 905 896 997; x_wconf 88' lang='grc' dir='ltr'><strong><em>λόγων</em></strong></span> <span class='ocrx_word' id='word_1_33' title='bbox 919 908 1002 994; x_wconf 80' lang='grc' dir='ltr'><strong><em>πρὸς</em></strong></span> <span class='ocrx_word' id='word_1_34' title='bbox 1025 908 1064 976; x_wconf 89' lang='grc' dir='ltr'><strong><em>τό</em></strong></span> <span class='ocrx_word' id='word_1_35' title='bbox 1087 910 1255 976; x_wconf 76' lang='grc' dir='ltr'><strong><em>ἐναντίον·</em></strong></span> <span class='ocrx_word' id='word_1_36' title='bbox 1282 915 1316 975; x_wconf 87' lang='grc' dir='ltr'><strong><em>σί</em></strong></span> 
     </span>
     <span class='ocr_line' id='line_1_6' title="bbox 277 1010 1318 1100; baseline -0.003 -20"><span class='ocrx_word' id='word_1_37' title='bbox 277 1014 312 1080; x_wconf 71' lang='grc' dir='ltr'><strong><em>δὲ</em></strong></span> <span class='ocrx_word' id='word_1_38' title='bbox 339 1016 454 1079; x_wconf 85' lang='grc' dir='ltr'><strong><em>πολλοί</em></strong></span> <span class='ocrx_word' id='word_1_39' title='bbox 483 1014 558 1097; x_wconf 78' lang='grc' dir='ltr'><strong><em>περὶ</em></strong></span> <span class='ocrx_word' id='word_1_40' title='bbox 587 1012 693 1097; x_wconf 83' lang='grc' dir='ltr'><strong><em>φιλίας</em></strong></span> <span class='ocrx_word' id='word_1_41' title='bbox 722 1017 835 1079; x_wconf 77' lang='grc' dir='ltr'><strong><em>ἐκεῖνοι</em></strong></span> <span class='ocrx_word' id='word_1_42' title='bbox 864 1010 972 1100; x_wconf 85' lang='grc' dir='ltr'><strong><em>λόγοι,</em></strong></span> <span class='ocrx_word' id='word_1_43' title='bbox 1004 1015 1059 1079; x_wconf 86' lang='grc' dir='ltr'><strong><em>καί</em></strong></span> <span class='ocrx_word' id='word_1_44' title='bbox 1086 1012 1108 1098; x_wconf 86' lang='grc' dir='ltr'><strong><em>ή</em></strong></span> <span class='ocrx_word' id='word_1_45' title='bbox 1137 1011 1236 1099; x_wconf 82' lang='grc' dir='ltr'><strong><em>ἀρετή</em></strong></span> <span class='ocrx_word' id='word_1_46' title='bbox 1263 1014 1318 1078; x_wconf 83' lang='grc' dir='ltr'><strong><em>καί</em></strong></span> 
     </span>
     <span class='ocr_line' id='line_1_7' title="bbox 276 1113 1318 1204; baseline -0.001 -21"><span class='ocrx_word' id='word_1_47' title='bbox 276 1114 316 1183; x_wconf 88' lang='grc' dir='ltr'><strong><em>τό</em></strong></span> <span class='ocrx_word' id='word_1_48' title='bbox 338 1113 438 1183; x_wconf 90' lang='grc' dir='ltr'><strong><em>καλόν</em></strong></span> <span class='ocrx_word' id='word_1_49' title='bbox 460 1114 518 1183; x_wconf 87' lang='grc' dir='ltr'><strong><em>οῦκ</em></strong></span> <span class='ocrx_word' id='word_1_50' title='bbox 542 1115 606 1183; x_wconf 83' lang='grc' dir='ltr'><strong><em>οἷδ’</em></strong></span> <span class='ocrx_word' id='word_1_51' title='bbox 633 1117 711 1182; x_wconf 88' lang='grc' dir='ltr'><strong><em>ὀπσι</em></strong></span> <span class='ocrx_word' id='word_1_52' title='bbox 732 1114 808 1182; x_wconf 89' lang='grc' dir='ltr'><strong><em>τότε</em></strong></span> <span class='ocrx_word' id='word_1_53' title='bbox 830 1118 949 1204; x_wconf 82' lang='grc' dir='ltr'><strong><em>οἴχεται</em></strong></span> <span class='ocrx_word' id='word_1_54' title='bbox 970 1116 1081 1184; x_wconf 90' lang='grc' dir='ltr'><strong><em>πάντα</em></strong></span> <span class='ocrx_word' id='word_1_55' title='bbox 1103 1126 1208 1184; x_wconf 87' lang='grc' dir='ltr'><strong><em>ταῦτα</em></strong></span> <span class='ocrx_word' id='word_1_56' title='bbox 1230 1117 1318 1183; x_wconf 87' lang='grc' dir='ltr'><strong><em>ἀπο-</em></strong></span> 
     </span>
     <span class='ocr_line' id='line_1_8' title="bbox 277 1217 1319 1307; baseline -0.002 -20"><span class='ocrx_word' id='word_1_57' title='bbox 277 1218 450 1307; x_wconf 86' lang='grc' dir='ltr'><strong><em>πτάμενα,</em></strong></span> <span class='ocrx_word' id='word_1_58' title='bbox 483 1217 662 1305; x_wconf 86' lang='grc' dir='ltr'><strong><em>πτερόεντα</em></strong></span> <span class='ocrx_word' id='word_1_59' title='bbox 686 1218 728 1294; x_wconf 82' lang='grc' dir='ltr'><strong><em>ἀς</em></strong></span> <span class='ocrx_word' id='word_1_60' title='bbox 751 1218 885 1304; x_wconf 85' lang='grc' dir='ltr'><strong><em>ἀληθως</em></strong></span> <span class='ocrx_word' id='word_1_61' title='bbox 906 1219 988 1306; x_wconf 72' lang='grc' dir='ltr'><strong><em>ἔπη,</em></strong></span> <span class='ocrx_word' id='word_1_62' title='bbox 1020 1221 1133 1306; x_wconf 87' lang='grc' dir='ltr'><strong><em>μάτην</em></strong></span> <span class='ocrx_word' id='word_1_63' title='bbox 1156 1221 1319 1306; x_wconf 79' lang='grc' dir='ltr'><strong><em>ὁσημέραι</em></strong></span> 
     </span>
     <span class='ocr_line' id='line_1_9' title="bbox 209 1322 1319 1416; baseline -0.006 -18"><span class='ocrx_word' id='word_1_64' title='bbox 209 1334 260 1400; x_wconf 74' lang='grc'><strong><em>605</em></strong></span> <span class='ocrx_word' id='word_1_65' title='bbox 278 1322 363 1412; x_wconf 85' lang='grc' dir='ltr'><strong><em>πρός</em></strong></span> <span class='ocrx_word' id='word_1_66' title='bbox 407 1323 517 1391; x_wconf 74' lang='grc' dir='ltr'><strong><em>αὐτῶν</em></strong></span> <span class='ocrx_word' id='word_1_67' title='bbox 562 1329 597 1389; x_wconf 80' lang='grc' dir='ltr'><strong><em>ίν</em></strong></span> <span class='ocrx_word' id='word_1_68' title='bbox 640 1335 712 1397; x_wconf 82' lang='grc' dir='ltr'><strong><em>ταῖς</em></strong></span> <span class='ocrx_word' id='word_1_69' title='bbox 753 1322 933 1409; x_wconf 72' lang='grc' dir='ltr'><strong><em>διατριβαῖς</em></strong></span> <span class='ocrx_word' id='word_1_70' title='bbox 982 1323 1261 1416; x_wconf 76' lang='grc' dir='ltr'><strong><em>σκιαμαχούμενα.</em></strong></span> <span class='ocrx_word' id='word_1_71' title='bbox 1297 1328 1319 1367; x_wconf 74' lang='lat'><strong><em>⁴*</em></strong></span> 
     </span>
     <span class='ocr_line' id='line_1_10' title="bbox 281 1424 1320 1518; baseline 0.002 -25"><span class='ocrx_word' id='word_1_72' title='bbox 281 1430 332 1493; x_wconf 81' lang='lat'><strong><em>36.</em></strong></span> <span class='ocrx_word' id='word_1_73' title='bbox 362 1430 454 1516; x_wconf 77' lang='grc' dir='ltr'><strong><em>μέχρι</em></strong></span> <span class='ocrx_word' id='word_1_74' title='bbox 475 1426 537 1518; x_wconf 90' lang='grc' dir='ltr'><strong><em>γάρ</em></strong></span> <span class='ocrx_word' id='word_1_75' title='bbox 559 1424 680 1494; x_wconf 80' lang='grc' dir='ltr'><strong><em>τούτου</em></strong></span> <span class='ocrx_word' id='word_1_76' title='bbox 701 1427 792 1513; x_wconf 81' lang='grc' dir='ltr'><strong><em>φίλος</em></strong></span> <span class='ocrx_word' id='word_1_77' title='bbox 815 1429 950 1503; x_wconf 70' lang='grc' dir='ltr'><strong><em>’ἕκαστος</em></strong></span> <span class='ocrx_word' id='word_1_78' title='bbox 973 1428 1090 1508; x_wconf 79' lang='grc' dir='ltr'><strong><em>αὐτῶν,</em></strong></span> <span class='ocrx_word' id='word_1_79' title='bbox 1117 1436 1150 1505; x_wconf 79' lang='grc' dir='ltr'><strong><em>ἐς</em></strong></span> <span class='ocrx_word' id='word_1_80' title='bbox 1173 1432 1254 1497; x_wconf 88' lang='grc' dir='ltr'><strong><em>ὀσον</em></strong></span> <span class='ocrx_word' id='word_1_81' title='bbox 1276 1430 1320 1495; x_wconf 89' lang='grc' dir='ltr'><strong><em>ἀν</em></strong></span> 
     </span>
     <span class='ocr_line' id='line_1_11' title="bbox 278 1525 1318 1623; baseline -0.001 -25"><span class='ocrx_word' id='word_1_82' title='bbox 278 1530 327 1619; x_wconf 78' lang='grc' dir='ltr'><strong><em>μή</em></strong></span> <span class='ocrx_word' id='word_1_83' title='bbox 353 1530 508 1623; x_wconf 77' lang='grc' dir='ltr'><strong><em>ἀργύριον</em></strong></span> <span class='ocrx_word' id='word_1_84' title='bbox 529 1531 551 1617; x_wconf 87' lang='grc' dir='ltr'><strong><em>ή</em></strong></span> <span class='ocrx_word' id='word_1_85' title='bbox 572 1531 703 1621; x_wconf 84' lang='grc' dir='ltr'><strong><em>χρυσίον</em></strong></span> <span class='ocrx_word' id='word_1_86' title='bbox 727 1525 748 1617; x_wconf 85' lang='grc' dir='ltr'><strong><em>ή</em></strong></span> <span class='ocrx_word' id='word_1_87' title='bbox 770 1533 988 1619; x_wconf 84' lang='grc' dir='ltr'><strong><em>προκείμενον</em></strong></span> <span class='ocrx_word' id='word_1_88' title='bbox 1011 1538 1047 1599; x_wconf 83' lang='grc' dir='ltr'><strong><em>ίν</em></strong></span> <span class='ocrx_word' id='word_1_89' title='bbox 1068 1540 1112 1621; x_wconf 77' lang='grc' dir='ltr'><strong><em>τῷ</em></strong></span> <span class='ocrx_word' id='word_1_90' title='bbox 1133 1536 1233 1622; x_wconf 80' lang='grc' dir='ltr'><strong><em>μίση.</em></strong></span> <span class='ocrx_word' id='word_1_91' title='bbox 1276 1534 1318 1617; x_wconf 78' lang='grc' dir='ltr'><strong><em>ἢν</em></strong></span> 
     </span>
     <span class='ocr_line' id='line_1_12' title="bbox 280 1633 1315 1724; baseline -0.002 -20"><span class='ocrx_word' id='word_1_92' title='bbox 280 1638 315 1705; x_wconf 80' lang='grc' dir='ltr'><strong><em>δέ</em></strong></span> <span class='ocrx_word' id='word_1_93' title='bbox 342 1665 390 1713; x_wconf 88' lang='grc' dir='ltr'><strong><em>τις</em></strong></span> <span class='ocrx_word' id='word_1_94' title='bbox 421 1634 541 1724; x_wconf 83' lang='grc' dir='ltr'><strong><em>ὀβολὸν</em></strong></span> <span class='ocrx_word' id='word_1_95' title='bbox 570 1635 710 1723; x_wconf 74' lang='grc' dir='ltr'><strong><em>ἐπιδείξῃ</em></strong></span> <span class='ocrx_word' id='word_1_96' title='bbox 739 1633 860 1720; x_wconf 86' lang='grc' dir='ltr'><strong><em>μόνον,</em></strong></span> <span class='ocrx_word' id='word_1_97' title='bbox 892 1638 1017 1703; x_wconf 76' lang='grc' dir='ltr'><strong><em>λέλυται</em></strong></span> <span class='ocrx_word' id='word_1_98' title='bbox 1045 1642 1108 1722; x_wconf 76' lang='grc' dir='ltr'><strong><em>μὲν</em></strong></span> <span class='ocrx_word' id='word_1_99' title='bbox 1138 1637 1159 1723; x_wconf 84' lang='grc' dir='ltr'><strong><em>ή</em></strong></span> <span class='ocrx_word' id='word_1_100' title='bbox 1192 1637 1315 1723; x_wconf 81' lang='grc' dir='ltr'><strong><em>είρήυη,</em></strong></span> 
     </span>
     <span class='ocr_line' id='line_1_13' title="bbox 280 1738 1320 1827; baseline -0.001 -20"><span class='ocrx_word' id='word_1_101' title='bbox 280 1741 436 1808; x_wconf 81' lang='grc' dir='ltr'><strong><em>ἄσπονδα</em></strong></span> <span class='ocrx_word' id='word_1_102' title='bbox 461 1741 495 1806; x_wconf 78' lang='grc' dir='ltr'><strong><em>δὲ·</em></strong></span> <span class='ocrx_word' id='word_1_103' title='bbox 517 1738 700 1823; x_wconf 86' lang='grc' dir='ltr'><strong><em>κάκήρυκτα</em></strong></span> <span class='ocrx_word' id='word_1_104' title='bbox 722 1738 845 1820; x_wconf 83' lang='grc' dir='ltr'><strong><em>πάντα,</em></strong></span> <span class='ocrx_word' id='word_1_105' title='bbox 877 1743 930 1807; x_wconf 83' lang='grc' dir='ltr'><strong><em>καί</em></strong></span> <span class='ocrx_word' id='word_1_106' title='bbox 953 1739 992 1806; x_wconf 87' lang='grc' dir='ltr'><strong><em>τά</em></strong></span> <span class='ocrx_word' id='word_1_107' title='bbox 1021 1742 1129 1827; x_wconf 78' lang='grc' dir='ltr'><strong><em>βιβλία</em></strong></span> <span class='ocrx_word' id='word_1_108' title='bbox 1152 1740 1320 1827; x_wconf 75' lang='grc' dir='ltr'><strong><em>ἐξαλήλιπ-</em></strong></span> 
     </span>
     <span class='ocr_line' id='line_1_14' title="bbox 279 1841 1320 1931; baseline -0.004 -18"><span class='ocrx_word' id='word_1_109' title='bbox 279 1871 334 1913; x_wconf 88' lang='grc' dir='ltr'><strong><em>ται</em></strong></span> <span class='ocrx_word' id='word_1_110' title='bbox 372 1847 425 1911; x_wconf 84' lang='grc' dir='ltr'><strong><em>κυί</em></strong></span> <span class='ocrx_word' id='word_1_111' title='bbox 465 1844 486 1929; x_wconf 87' lang='grc' dir='ltr'><strong><em>ή</em></strong></span> <span class='ocrx_word' id='word_1_112' title='bbox 524 1841 621 1928; x_wconf 85' lang='grc' dir='ltr'><strong><em>ἀρετή</em></strong></span> <span class='ocrx_word' id='word_1_113' title='bbox 661 1845 839 1931; x_wconf 77' lang='grc' dir='ltr'><strong><em>πέφευγεν,</em></strong></span> <span class='ocrx_word' id='word_1_114' title='bbox 884 1842 957 1911; x_wconf 86' lang='grc' dir='ltr'><strong><em>οίόν</em></strong></span> <span class='ocrx_word' id='word_1_115' title='bbox 993 1871 1025 1911; x_wconf 87' lang='grc' dir='ltr'><strong><em>τι</em></strong></span> <span class='ocrx_word' id='word_1_116' title='bbox 1064 1848 1117 1910; x_wconf 84' lang='grc' dir='ltr'><strong><em>καί</em></strong></span> <span class='ocrx_word' id='word_1_117' title='bbox 1156 1851 1188 1911; x_wconf 86' lang='grc' dir='ltr'><strong><em>σί</em></strong></span> <span class='ocrx_word' id='word_1_118' title='bbox 1226 1844 1320 1921; x_wconf 87' lang='grc' dir='ltr'><strong><em>κάνες</em></strong></span> 
     </span>
     <span class='ocr_line' id='line_1_15' title="bbox 280 1945 1319 2038; baseline -0.003 -22"><span class='ocrx_word' id='word_1_119' title='bbox 280 1947 473 2038; x_wconf 82' lang='grc' dir='ltr'><strong><em>πάσχουσιν.</em></strong></span> <span class='ocrx_word' id='word_1_120' title='bbox 519 1945 657 2014; x_wconf 69' lang='grc' dir='ltr'><strong><em>ἐπειδάν,</em></strong></span> <span class='ocrx_word' id='word_1_121' title='bbox 677 1974 725 2022; x_wconf 85' lang='grc' dir='ltr'><strong><em>τις</em></strong></span> <span class='ocrx_word' id='word_1_122' title='bbox 754 1947 875 2014; x_wconf 88' lang='grc' dir='ltr'><strong><em>ὀστοῦν</em></strong></span> <span class='ocrx_word' id='word_1_123' title='bbox 897 1954 929 2023; x_wconf 78' lang='grc' dir='ltr'><strong><em>ἐς</em></strong></span> <span class='ocrx_word' id='word_1_124' title='bbox 958 1952 1081 2034; x_wconf 84' lang='grc' dir='ltr'><strong><em>μίσους</em></strong></span> <span class='ocrx_word' id='word_1_125' title='bbox 1110 1948 1230 2024; x_wconf 82' lang='grc' dir='ltr'><strong><em>αάτσάς</em></strong></span> <span class='ocrx_word' id='word_1_126' title='bbox 1259 1955 1319 2035; x_wconf 78' lang='grc' dir='ltr'><strong><em>ίμ-</em></strong></span> 
     </span>
     <span class='ocr_line' id='line_1_16' title="bbox 279 2050 1320 2141; baseline -0.001 -23"><span class='ocrx_word' id='word_1_127' title='bbox 279 2053 377 2141; x_wconf 86' lang='grc' dir='ltr'><strong><em>βάλη,</em></strong></span> <span class='ocrx_word' id='word_1_128' title='bbox 404 2050 683 2137; x_wconf 61' lang='grc' dir='ltr'><strong><em>ἀναπηδήσαντες</em></strong></span> <span class='ocrx_word' id='word_1_129' title='bbox 706 2050 880 2119; x_wconf 90' lang='grc' dir='ltr'><strong><em>δάκνουσιν</em></strong></span> <span class='ocrx_word' id='word_1_130' title='bbox 893 2051 1059 2135; x_wconf 79' lang='grc' dir='ltr'><strong><em>ἀλλήλους,</em></strong></span> <span class='ocrx_word' id='word_1_131' title='bbox 1084 2055 1137 2118; x_wconf 91' lang='grc' dir='ltr'><strong><em>καί</em></strong></span> <span class='ocrx_word' id='word_1_132' title='bbox 1159 2051 1218 2119; x_wconf 88' lang='grc' dir='ltr'><strong><em>τόν</em></strong></span> <span class='ocrx_word' id='word_1_133' title='bbox 1236 2077 1320 2137; x_wconf 91' lang='grc' dir='ltr'><strong><em>προ-</em></strong></span> 
     </span>
     <span class='ocr_line' id='line_1_17' title="bbox 281 2154 1320 2244; baseline -0.003 -21"><span class='ocrx_word' id='word_1_134' title='bbox 281 2154 480 2242; x_wconf 87' lang='grc' dir='ltr'><strong><em>αρπάσαντα</em></strong></span> <span class='ocrx_word' id='word_1_135' title='bbox 500 2157 539 2222; x_wconf 86' lang='grc' dir='ltr'><strong><em>τὸ</em></strong></span> <span class='ocrx_word' id='word_1_136' title='bbox 565 2156 685 2222; x_wconf 83' lang='grc' dir='ltr'><strong><em>ὀστοῦν</em></strong></span> <span class='ocrx_word' id='word_1_137' title='bbox 707 2155 892 2223; x_wconf 80' lang='grc' dir='ltr'><strong><em>ὑλακτοῦσι.</em></strong></span> <span class='ocrx_word' id='word_1_138' title='bbox 935 2157 1059 2244; x_wconf 85' lang='grc' dir='ltr'><strong><em>λίγεται</em></strong></span> <span class='ocrx_word' id='word_1_139' title='bbox 1082 2156 1117 2223; x_wconf 84' lang='grc' dir='ltr'><strong><em>δὲ·</em></strong></span> <span class='ocrx_word' id='word_1_140' title='bbox 1144 2158 1198 2221; x_wconf 80' lang='grc' dir='ltr'><strong><em>καί</em></strong></span> <span class='ocrx_word' id='word_1_141' title='bbox 1223 2159 1320 2242; x_wconf 91' lang='grc' dir='ltr'><strong><em>βασι-</em></strong></span> 
     </span>
     <span class='ocr_line' id='line_1_18' title="bbox 280 2257 1319 2349; baseline -0.003 -22"><span class='ocrx_word' id='word_1_142' title='bbox 280 2260 353 2336; x_wconf 82' lang='grc' dir='ltr'><strong><em>λεῦς</em></strong></span> <span class='ocrx_word' id='word_1_143' title='bbox 381 2287 430 2336; x_wconf 88' lang='grc' dir='ltr'><strong><em>τις</em></strong></span> <span class='ocrx_word' id='word_1_144' title='bbox 458 2258 643 2349; x_wconf 77' lang='grc' dir='ltr'><strong><em>Αἰγύπτιος</em></strong></span> <span class='ocrx_word' id='word_1_145' title='bbox 671 2257 836 2342; x_wconf 86' lang='grc' dir='ltr'><strong><em>πιθήκους</em></strong></span> <span class='ocrx_word' id='word_1_146' title='bbox 865 2265 947 2325; x_wconf 73' lang='grc' dir='ltr'><strong><em>ποτε</em></strong></span> <span class='ocrx_word' id='word_1_147' title='bbox 976 2261 1168 2349; x_wconf 85' lang='grc' dir='ltr'><strong><em>πυρριχίζειν</em></strong></span> <span class='ocrx_word' id='word_1_148' title='bbox 1195 2259 1319 2335; x_wconf 81' lang='grc' dir='ltr'><strong><em>διδάξαι</em></strong></span> 
     </span>
     <span class='ocr_line' id='line_1_19' title="bbox 281 2360 1317 2450; baseline -0.003 -19"><span class='ocrx_word' id='word_1_149' title='bbox 281 2367 335 2432; x_wconf 84' lang='grc' dir='ltr'><strong><em>καί</em></strong></span> <span class='ocrx_word' id='word_1_150' title='bbox 362 2363 404 2431; x_wconf 90' lang='grc' dir='ltr'><strong><em>τά</em></strong></span> <span class='ocrx_word' id='word_1_151' title='bbox 434 2365 539 2450; x_wconf 89' lang='grc' dir='ltr'><strong><em>θηρία</em></strong></span> <span class='ocrx_word' id='word_1_152' title='bbox 574 2360 798 2449; x_wconf 83' lang='grc' dir='ltr'><strong><em>(μιμηλότατα</em></strong></span> <span class='ocrx_word' id='word_1_153' title='bbox 829 2362 865 2428; x_wconf 79' lang='grc' dir='ltr'><strong><em>δὲ</em></strong></span> <span class='ocrx_word' id='word_1_154' title='bbox 895 2368 961 2428; x_wconf 80' lang='grc' dir='ltr'><strong><em>ἐστι</em></strong></span> <span class='ocrx_word' id='word_1_155' title='bbox 989 2372 1055 2428; x_wconf 81' lang='grc' dir='ltr'><strong><em>των</em></strong></span> <span class='ocrx_word' id='word_1_156' title='bbox 1085 2363 1317 2449; x_wconf 85' lang='grc' dir='ltr'><strong><em>ἀνθρωπίνων)</em></strong></span> 
     </span>
     <span class='ocr_line' id='line_1_20' title="bbox 282 2465 1320 2557; baseline -0.004 -22"><span class='ocrx_word' id='word_1_157' title='bbox 282 2476 439 2557; x_wconf 76' lang='grc' dir='ltr'><strong><em>ἐκμαθεῖν</em></strong></span> <span class='ocrx_word' id='word_1_158' title='bbox 462 2467 595 2557; x_wconf 84' lang='grc' dir='ltr'><strong><em>τάχιστα</em></strong></span> <span class='ocrx_word' id='word_1_159' title='bbox 618 2467 670 2532; x_wconf 88' lang='grc' dir='ltr'><strong><em>καί</em></strong></span> <span class='ocrx_word' id='word_1_160' title='bbox 700 2465 868 2556; x_wconf 81' lang='grc' dir='ltr'><strong><em>ὀρχεῖσθαι</em></strong></span> <span class='ocrx_word' id='word_1_161' title='bbox 890 2466 1083 2556; x_wconf 82' lang='grc' dir='ltr'><strong><em>ἁλουργίδας</em></strong></span> <span class='ocrx_word' id='word_1_162' title='bbox 1105 2465 1320 2556; x_wconf 82' lang='grc' dir='ltr'><strong><em>ἀμπεχόμενα</em></strong></span> 
     </span>
     <span class='ocr_line' id='line_1_21' title="bbox 282 2570 1320 2660; baseline -0.002 -23"><span class='ocrx_word' id='word_1_163' title='bbox 282 2574 336 2638; x_wconf 82' lang='grc' dir='ltr'><strong><em>καί</em></strong></span> <span class='ocrx_word' id='word_1_164' title='bbox 358 2585 549 2658; x_wconf 85' lang='grc' dir='ltr'><strong><em>προσωπεῖα</em></strong></span> <span class='ocrx_word' id='word_1_165' title='bbox 572 2570 790 2656; x_wconf 82' lang='grc' dir='ltr'><strong><em>περικείμενα.</em></strong></span> <span class='ocrx_word' id='word_1_166' title='bbox 835 2573 887 2636; x_wconf 83' lang='grc' dir='ltr'><strong><em>καί</em></strong></span> <span class='ocrx_word' id='word_1_167' title='bbox 910 2571 1002 2659; x_wconf 81' lang='grc' dir='ltr'><strong><em>μίχρι</em></strong></span> <span class='ocrx_word' id='word_1_168' title='bbox 1022 2597 1059 2660; x_wconf 90' lang='grc' dir='ltr'><strong><em>γε</em></strong></span> <span class='ocrx_word' id='word_1_169' title='bbox 1081 2573 1201 2637; x_wconf 80' lang='grc' dir='ltr'><strong><em>πολλοῦ</em></strong></span> <span class='ocrx_word' id='word_1_170' title='bbox 1226 2570 1320 2637; x_wconf 82' lang='grc' dir='ltr'><strong><em>εὗδο-</em></strong></span> 
     </span>
     <span class='ocr_line' id='line_1_22' title="bbox 284 2672 1320 2762; baseline -0.002 -21"><span class='ocrx_word' id='word_1_171' title='bbox 284 2688 390 2762; x_wconf 87' lang='grc' dir='ltr'><strong><em>κιμεῑν</em></strong></span> <span class='ocrx_word' id='word_1_172' title='bbox 418 2672 481 2757; x_wconf 83' lang='grc' dir='ltr'><strong><em>τήν</em></strong></span> <span class='ocrx_word' id='word_1_173' title='bbox 510 2677 613 2753; x_wconf 84' lang='grc' dir='ltr'><strong><em>θίαν,</em></strong></span> <span class='ocrx_word' id='word_1_174' title='bbox 650 2672 720 2762; x_wconf 87' lang='grc' dir='ltr'><strong><em>ἀχρι</em></strong></span> <span class='ocrx_word' id='word_1_175' title='bbox 750 2672 789 2758; x_wconf 91' lang='grc' dir='ltr'><strong><em>δή</em></strong></span> <span class='ocrx_word' id='word_1_176' title='bbox 819 2699 867 2748; x_wconf 85' lang='grc' dir='ltr'><strong><em>τις</em></strong></span> <span class='ocrx_word' id='word_1_177' title='bbox 898 2672 1025 2760; x_wconf 81' lang='grc' dir='ltr'><strong><em>θεατής</em></strong></span> <span class='ocrx_word' id='word_1_178' title='bbox 1058 2674 1185 2750; x_wconf 81' lang='grc' dir='ltr'><strong><em>ἀστεῖος</em></strong></span> <span class='ocrx_word' id='word_1_179' title='bbox 1216 2673 1320 2761; x_wconf 90' lang='grc' dir='ltr'><strong><em>κάρυα</em></strong></span> 
     </span>
     <span class='ocr_line' id='line_1_23' title="bbox 283 2774 1321 2868; baseline -0.004 -22"><span class='ocrx_word' id='word_1_180' title='bbox 283 2776 351 2847; x_wconf 81' lang='grc' dir='ltr'><strong><em>ὑπὸ</em></strong></span> <span class='ocrx_word' id='word_1_181' title='bbox 373 2777 498 2846; x_wconf 85' lang='grc' dir='ltr'><strong><em>κόλπου</em></strong></span> <span class='ocrx_word' id='word_1_182' title='bbox 519 2778 599 2868; x_wconf 64' lang='grc' dir='ltr'><strong><em>ἔχων</em></strong></span> <span class='ocrx_word' id='word_1_183' title='bbox 621 2777 745 2863; x_wconf 82' lang='grc' dir='ltr'><strong><em>ἀηήκεν</em></strong></span> <span class='ocrx_word' id='word_1_184' title='bbox 772 2782 804 2852; x_wconf 80' lang='grc' dir='ltr'><strong><em>ἐς</em></strong></span> <span class='ocrx_word' id='word_1_185' title='bbox 832 2774 870 2843; x_wconf 87' lang='grc' dir='ltr'><strong><em>τδ</em></strong></span> <span class='ocrx_word' id='word_1_186' title='bbox 892 2779 1015 2863; x_wconf 76' lang='grc' dir='ltr'><strong><em>μέσον·</em></strong></span> <span class='ocrx_word' id='word_1_187' title='bbox 1058 2784 1089 2845; x_wconf 83' lang='grc' dir='ltr'><strong><em>σί</em></strong></span> <span class='ocrx_word' id='word_1_188' title='bbox 1119 2778 1154 2844; x_wconf 76' lang='grc' dir='ltr'><strong><em>δὲ</em></strong></span> <span class='ocrx_word' id='word_1_189' title='bbox 1183 2778 1321 2863; x_wconf 84' lang='grc' dir='ltr'><strong><em>πίθηκοι</em></strong></span> 
     </span>
     <span class='ocr_line' id='line_1_24' title="bbox 353 2950 1320 3022; baseline -0.006 -11"><span class='ocrx_word' id='word_1_190' title='bbox 353 2959 395 3011; x_wconf 81' lang='grc'><strong><em>36.</em></strong></span> <span class='ocrx_word' id='word_1_191' title='bbox 434 2953 517 3008; x_wconf 86' lang='grc' dir='ltr'><strong><em>ίιίιαστ</em></strong></span> <span class='ocrx_word' id='word_1_192' title='bbox 566 2950 667 3015; x_wconf 78' lang='grc' dir='ltr'><strong><em>αὐτῶν,</em></strong></span> <span class='ocrx_word' id='word_1_193' title='bbox 688 2959 860 3020; x_wconf 77' lang='lat' dir='ltr'>etpunctum</span> <span class='ocrx_word' id='word_1_194' title='bbox 878 2972 954 3022; x_wconf 81' lang='lat' dir='ltr'><strong><em>prm</em></strong></span> <span class='ocrx_word' id='word_1_195' title='bbox 973 2959 999 3006; x_wconf 85' lang='lat' dir='ltr'><strong><em>in</em></strong></span> <span class='ocrx_word' id='word_1_196' title='bbox 1017 2972 1101 3022; x_wconf 73' lang='lat' dir='ltr'><strong>marg.</strong></span> <span class='ocrx_word' id='word_1_197' title='bbox 1121 2958 1153 3016; x_wconf 77' lang='lat' dir='ltr'><strong><em>A,</em></strong></span> <span class='ocrx_word' id='word_1_198' title='bbox 1180 2958 1226 3022; x_wconf 86' lang='lat' dir='ltr'><strong><em>qui</em></strong></span> <span class='ocrx_word' id='word_1_199' title='bbox 1249 2956 1320 3006; x_wconf 83' lang='lat' dir='ltr'>idem</span> 
     </span>
     <span class='ocr_line' id='line_1_25' title="bbox 283 3034 1321 3112; baseline -0.006 -16"><span class='ocrx_word' id='word_1_200' title='bbox 283 3060 366 3109; x_wconf 82' lang='grc' dir='ltr'><strong><em>εορτε</em></strong></span> <span class='ocrx_word' id='word_1_201' title='bbox 383 3061 407 3095; x_wconf 90' lang='grc' dir='ltr'><strong><em>ο.</em></strong></span> <span class='ocrx_word' id='word_1_202' title='bbox 427 3044 459 3096; x_wconf 72' lang='grc'><strong><em>35</em></strong></span> <span class='ocrx_word' id='word_1_203' title='bbox 479 3046 536 3095; x_wconf 82' lang='lat' dir='ltr'><strong>init.</strong></span> <span class='ocrx_word' id='word_1_204' title='bbox 574 3038 689 3095; x_wconf 76' lang='grc' dir='ltr'><strong><em>ἕκαστος</em></strong></span> <span class='ocrx_word' id='word_1_205' title='bbox 713 3036 813 3094; x_wconf 79' lang='grc' dir='ltr'><strong><em>αὐτῶν.</em></strong></span> <span class='ocrx_word' id='word_1_206' title='bbox 895 3035 1020 3112; x_wconf 77' lang='grc' dir='ltr'><strong><em>ἐπιδείξῃ</em></strong></span> <span class='ocrx_word' id='word_1_207' title='bbox 1040 3043 1144 3094; x_wconf 81' lang='grc' dir='ltr'><strong><em>ΑΒΟΨ.</em></strong></span> <span class='ocrx_word' id='word_1_208' title='bbox 1181 3034 1321 3105; x_wconf 73' lang='grc' dir='ltr'><strong><em>ἐπιδείξη-</em></strong></span> 
     </span>
     <span class='ocr_line' id='line_1_26' title="bbox 283 3123 1322 3196; baseline -0.002 -16"><span class='ocrx_word' id='word_1_209' title='bbox 283 3147 331 3180; x_wconf 86' lang='grc' dir='ltr'><strong><em>ται</em></strong></span> <span class='ocrx_word' id='word_1_210' title='bbox 349 3130 376 3178; x_wconf 85' lang='grc' dir='ltr'><em>Φ</em></span> <span class='ocrx_word' id='word_1_211' title='bbox 394 3135 422 3181; x_wconf 80' lang='lat' dir='ltr'><strong><em>et</em></strong></span> <span class='ocrx_word' id='word_1_212' title='bbox 438 3147 464 3180; x_wconf 79' lang='lat' dir='ltr'><strong><em>v.</em></strong></span> <span class='ocrx_word' id='word_1_213' title='bbox 535 3123 694 3193; x_wconf 79' lang='grc' dir='ltr'><strong><em>κάκήρυκτα</em></strong></span> <span class='ocrx_word' id='word_1_214' title='bbox 713 3128 748 3177; x_wconf 85' lang='grc' dir='ltr'><strong><em>Φ.</em></strong></span> <span class='ocrx_word' id='word_1_215' title='bbox 786 3131 833 3178; x_wconf 74' lang='grc' dir='ltr'><strong><em>καὶ</em></strong></span> <span class='ocrx_word' id='word_1_216' title='bbox 853 3124 995 3196; x_wconf 85' lang='grc' dir='ltr'><strong><em>ἀκήρυκτα</em></strong></span> <span class='ocrx_word' id='word_1_217' title='bbox 1014 3146 1038 3180; x_wconf 80' lang='grc' dir='ltr'><strong><em>ιι.</em></strong></span> <span class='ocrx_word' id='word_1_218' title='bbox 1110 3134 1213 3195; x_wconf 77' lang='lat' dir='ltr'><strong>septem</strong></span> <span class='ocrx_word' id='word_1_219' title='bbox 1231 3129 1322 3179; x_wconf 78' lang='lat' dir='ltr'>verbis</span> 
     </span>
     <span class='ocr_line' id='line_1_27' title="bbox 284 3207 1321 3282; baseline -0.003 -15"><span class='ocrx_word' id='word_1_220' title='bbox 284 3219 390 3275; x_wconf 72' lang='lat' dir='ltr'>,omissis</span> <span class='ocrx_word' id='word_1_221' title='bbox 409 3218 568 3269; x_wconf 78' lang='lat' dir='ltr'><strong>continuant</strong></span> <span class='ocrx_word' id='word_1_222' title='bbox 587 3207 714 3264; x_wconf 76' lang='grc' dir='ltr'><strong><em>ἄσπονδοι</em></strong></span> <span class='ocrx_word' id='word_1_223' title='bbox 739 3209 769 3264; x_wconf 81' lang='grc' dir='ltr'><strong><em>δὲ</em></strong></span> <span class='ocrx_word' id='word_1_224' title='bbox 794 3219 841 3265; x_wconf 78' lang='grc' dir='ltr'><strong><em>καί</em></strong></span> <span class='ocrx_word' id='word_1_225' title='bbox 865 3211 882 3280; x_wconf 83' lang='grc' dir='ltr'><strong><em>ἡ</em></strong></span> <span class='ocrx_word' id='word_1_226' title='bbox 908 3212 993 3281; x_wconf 84' lang='grc' dir='ltr'><strong><em>ἀρετή</em></strong></span> <span class='ocrx_word' id='word_1_227' title='bbox 1013 3216 1094 3267; x_wconf 77' lang='grc' dir='ltr'><strong><em>ΔΒΨ.</em></strong></span> <span class='ocrx_word' id='word_1_228' title='bbox 1163 3211 1198 3264; x_wconf 83' lang='grc' dir='ltr'><strong><em>τά</em></strong></span> <span class='ocrx_word' id='word_1_229' title='bbox 1217 3209 1321 3282; x_wconf 87' lang='grc' dir='ltr'><strong><em>βιβλιά]</em></strong></span> 
     </span>
     <span class='ocr_line' id='line_1_28' title="bbox 282 3293 1323 3369; baseline -0.005 -15"><span class='ocrx_word' id='word_1_230' title='bbox 282 3300 319 3354; x_wconf 85' lang='grc' dir='ltr'><strong><em>τά</em></strong></span> <span class='ocrx_word' id='word_1_231' title='bbox 342 3295 437 3369; x_wconf 77' lang='grc' dir='ltr'><strong><em>βιβλία</em></strong></span> <span class='ocrx_word' id='word_1_232' title='bbox 458 3297 548 3353; x_wconf 85' lang='grc' dir='ltr'><strong><em>πάντα</em></strong></span> <span class='ocrx_word' id='word_1_233' title='bbox 575 3302 609 3351; x_wconf 90' lang='grc' dir='ltr'><strong><em>Φ.</em></strong></span> <span class='ocrx_word' id='word_1_234' title='bbox 692 3293 872 3365; x_wconf 75' lang='grc' dir='ltr'><strong><em>ἐξαλήλιπται</em></strong></span> <span class='ocrx_word' id='word_1_235' title='bbox 890 3304 960 3353; x_wconf 78' lang='lat' dir='ltr'>‘libri</span> <span class='ocrx_word' id='word_1_236' title='bbox 988 3319 1089 3353; x_wconf 78' lang='lat' dir='ltr'><strong>omnes.</strong></span> <span class='ocrx_word' id='word_1_237' title='bbox 1128 3294 1323 3366; x_wconf 73' lang='grc' dir='ltr'><strong><em>ἐξαλήλιπται</em></strong></span> 
     </span>
     <span class='ocr_line' id='line_1_29' title="bbox 283 3380 1320 3455; baseline -0.006 -12"><span class='ocrx_word' id='word_1_238' title='bbox 283 3393 433 3443; x_wconf 74' lang='grc' dir='ltr'><strong><em>Βοίῐτίαυα.</em></strong></span> <span class='ocrx_word' id='word_1_239' title='bbox 504 3383 566 3439; x_wconf 85' lang='grc' dir='ltr'><strong><em>οἷόν</em></strong></span> <span class='ocrx_word' id='word_1_240' title='bbox 582 3385 619 3452; x_wconf 91' lang='grc' dir='ltr'><strong><em>τι]</em></strong></span> <span class='ocrx_word' id='word_1_241' title='bbox 631 3380 692 3437; x_wconf 81' lang='grc' dir='ltr'><strong><em>οἷον</em></strong></span> <span class='ocrx_word' id='word_1_242' title='bbox 710 3380 741 3437; x_wconf 73' lang='grc' dir='ltr'><strong><em>δέ</em></strong></span> <span class='ocrx_word' id='word_1_243' title='bbox 758 3404 786 3438; x_wconf 90' lang='grc' dir='ltr'><strong><em>τι</em></strong></span> <span class='ocrx_word' id='word_1_244' title='bbox 798 3388 829 3438; x_wconf 95' lang='grc' dir='ltr'><strong><em>Ψ.</em></strong></span> <span class='ocrx_word' id='word_1_245' title='bbox 866 3391 927 3440; x_wconf 79' lang='lat' dir='ltr'>vide</span> <span class='ocrx_word' id='word_1_246' title='bbox 941 3406 1010 3455; x_wconf 76' lang='lat' dir='ltr'><strong>quae</strong></span> <span class='ocrx_word' id='word_1_247' title='bbox 1021 3391 1074 3441; x_wconf 83' lang='lat' dir='ltr'>dixi</span> <span class='ocrx_word' id='word_1_248' title='bbox 1084 3389 1145 3439; x_wconf 80' lang='lat' dir='ltr'>adl.</span> <span class='ocrx_word' id='word_1_249' title='bbox 1156 3390 1197 3439; x_wconf 81' lang='lat' dir='ltr'><strong><em>De</em></strong></span> <span class='ocrx_word' id='word_1_250' title='bbox 1208 3390 1320 3441; x_wconf 79' lang='grc' dir='ltr'><strong><em>Οοπεετ.</em></strong></span> 
     </span>
     <span class='ocr_line' id='line_1_30' title="bbox 283 3469 1322 3541; baseline -0.002 -14"><span class='ocrx_word' id='word_1_251' title='bbox 283 3479 353 3528; x_wconf 80' lang='grc' dir='ltr'><strong><em>Ηίεῐ.</em></strong></span> <span class='ocrx_word' id='word_1_252' title='bbox 379 3493 403 3527; x_wconf 89' lang='grc' dir='ltr'><strong><em>ο.</em></strong></span> <span class='ocrx_word' id='word_1_253' title='bbox 429 3476 470 3527; x_wconf 83' lang='grc'><strong><em>57.</em></strong></span> <span class='ocrx_word' id='word_1_254' title='bbox 553 3469 652 3525; x_wconf 81' lang='grc' dir='ltr'><strong><em>ὀστοῦν</em></strong></span> <span class='ocrx_word' id='word_1_255' title='bbox 671 3469 779 3536; x_wconf 72' lang='grc' dir='ltr'><strong><em>(ὀστέον</em></strong></span> <span class='ocrx_word' id='word_1_256' title='bbox 797 3470 834 3539; x_wconf 84' lang='grc' dir='ltr'><strong><em>Φ)</em></strong></span> <span class='ocrx_word' id='word_1_257' title='bbox 859 3470 886 3528; x_wconf 78' lang='grc' dir='ltr'><strong><em>ἐς</em></strong></span> <span class='ocrx_word' id='word_1_258' title='bbox 908 3476 1009 3541; x_wconf 76' lang='grc' dir='ltr'><strong><em>μίσους</em></strong></span> <span class='ocrx_word' id='word_1_259' title='bbox 1032 3470 1131 3529; x_wconf 81' lang='grc' dir='ltr'><strong><em>αότοόε</em></strong></span> <span class='ocrx_word' id='word_1_260' title='bbox 1152 3475 1228 3526; x_wconf 71' lang='lat' dir='ltr'><strong><em>AM&gt;</em></strong></span> <span class='ocrx_word' id='word_1_261' title='bbox 1251 3482 1322 3525; x_wconf 81' lang='lat' dir='ltr'><strong>etv.</strong></span> 
     </span>
     <span class='ocr_line' id='line_1_31' title="bbox 284 3554 1322 3631; baseline -0.004 -16"><span class='ocrx_word' id='word_1_262' title='bbox 284 3560 310 3620; x_wconf 84' lang='grc' dir='ltr'><strong><em>ίς</em></strong></span> <span class='ocrx_word' id='word_1_263' title='bbox 326 3565 413 3631; x_wconf 73' lang='grc' dir='ltr'><strong><em>μέσον</em></strong></span> <span class='ocrx_word' id='word_1_264' title='bbox 430 3557 522 3613; x_wconf 77' lang='grc' dir='ltr'><strong><em>αὐτῶν</em></strong></span> <span class='ocrx_word' id='word_1_265' title='bbox 541 3556 641 3612; x_wconf 84' lang='grc' dir='ltr'><strong><em>ὀστοῦν</em></strong></span> <span class='ocrx_word' id='word_1_266' title='bbox 663 3563 694 3612; x_wconf 88' lang='grc' dir='ltr'><strong><em>Ψ.</em></strong></span> <span class='ocrx_word' id='word_1_267' title='bbox 767 3554 924 3627; x_wconf 73' lang='grc' dir='ltr'><strong><em>ὑλακτοῦσι]</em></strong></span> <span class='ocrx_word' id='word_1_268' title='bbox 949 3557 1113 3613; x_wconf 73' lang='grc' dir='ltr'><strong><em>ὑλακτοῦσιν</em></strong></span> <span class='ocrx_word' id='word_1_269' title='bbox 1131 3579 1155 3614; x_wconf 82' lang='grc' dir='ltr'><strong><em>α.</em></strong></span> <span class='ocrx_word' id='word_1_270' title='bbox 1234 3556 1322 3626; x_wconf 85' lang='grc' dir='ltr'><strong><em>πιθή-</em></strong></span> 
     </span>
     <span class='ocr_line' id='line_1_32' title="bbox 284 3648 1323 3718; baseline -0.004 -16"><span class='ocrx_word' id='word_1_271' title='bbox 284 3649 356 3718; x_wconf 86' lang='grc' dir='ltr'><strong><em>κουι]</em></strong></span> <span class='ocrx_word' id='word_1_272' title='bbox 376 3653 410 3704; x_wconf 82' lang='lat' dir='ltr'><strong><em>de</em></strong></span> <span class='ocrx_word' id='word_1_273' title='bbox 428 3652 522 3702; x_wconf 77' lang='lat' dir='ltr'><strong>fraude</strong></span> <span class='ocrx_word' id='word_1_274' title='bbox 540 3651 576 3701; x_wconf 88' lang='lat' dir='ltr'><strong><em>M.</em></strong></span> <span class='ocrx_word' id='word_1_275' title='bbox 588 3650 714 3701; x_wconf 80' lang='grc' dir='ltr'><strong><em>Μὶιιοὶδίε</em></strong></span> <span class='ocrx_word' id='word_1_276' title='bbox 732 3648 767 3700; x_wconf 82' lang='grc' dir='ltr'><strong><em>αδ</em></strong></span> <span class='ocrx_word' id='word_1_277' title='bbox 786 3649 945 3713; x_wconf 75' lang='lat' dir='ltr'>Apologiam</span> <span class='ocrx_word' id='word_1_278' title='bbox 964 3651 1014 3700; x_wconf 84' lang='grc' dir='ltr'><strong><em>ε.5</em></strong></span> <span class='ocrx_word' id='word_1_279' title='bbox 1032 3667 1058 3715; x_wconf 89' lang='lat' dir='ltr'><strong><em>p.</em></strong></span> <span class='ocrx_word' id='word_1_280' title='bbox 1069 3650 1117 3703; x_wconf 75' lang='lat'><strong><em>2⁰1</em></strong></span> <span class='ocrx_word' id='word_1_281' title='bbox 1138 3650 1204 3699; x_wconf 72' lang='lat' dir='ltr'><strong>satis</strong></span> <span class='ocrx_word' id='word_1_282' title='bbox 1223 3650 1323 3699; x_wconf 84' lang='lat' dir='ltr'>dictum</span> 
     </span>
     <span class='ocr_line' id='line_1_33' title="bbox 285 3731 1321 3804; baseline -0.006 -13"><span class='ocrx_word' id='word_1_283' title='bbox 285 3748 334 3791; x_wconf 78' lang='lat' dir='ltr'>est.</span> <span class='ocrx_word' id='word_1_284' title='bbox 373 3740 406 3791; x_wconf 85' lang='grc' dir='ltr'><strong><em>δε</em></strong></span> <span class='ocrx_word' id='word_1_285' title='bbox 432 3738 576 3804; x_wconf 82' lang='lat' dir='ltr'>proverbio</span> <span class='ocrx_word' id='word_1_286' title='bbox 600 3738 663 3787; x_wconf 85' lang='lat' dir='ltr'>hinc</span> <span class='ocrx_word' id='word_1_287' title='bbox 688 3742 766 3786; x_wconf 75' lang='lat' dir='ltr'>nato:</span> <span class='ocrx_word' id='word_1_288' title='bbox 798 3734 921 3798; x_wconf 86' lang='grc' dir='ltr'><strong><em>πίθηκος</em></strong></span> <span class='ocrx_word' id='word_1_289' title='bbox 945 3731 974 3786; x_wconf 75' lang='grc' dir='ltr'><strong><em>ἐν</em></strong></span> <span class='ocrx_word' id='word_1_290' title='bbox 996 3731 1132 3802; x_wconf 75' lang='grc' dir='ltr'><strong><em>πορφύρα</em></strong></span> <span class='ocrx_word' id='word_1_291' title='bbox 1155 3736 1216 3786; x_wconf 81' lang='lat' dir='ltr'>vide</span> <span class='ocrx_word' id='word_1_292' title='bbox 1240 3737 1321 3786; x_wconf 81' lang='lat' dir='ltr'><strong>Leut-</strong></span> 
     </span>
     <span class='ocr_line' id='line_1_34' title="bbox 285 3816 1321 3889; baseline -0.005 -11"><span class='ocrx_word' id='word_1_293' title='bbox 285 3828 388 3878; x_wconf 76' lang='lat' dir='ltr'><strong>schium</strong></span> <span class='ocrx_word' id='word_1_294' title='bbox 407 3827 590 3889; x_wconf 78' lang='lat' dir='ltr'>Paroemiogr.</span> <span class='ocrx_word' id='word_1_295' title='bbox 609 3825 623 3874; x_wconf 93' lang='lat'><em>1</em></span> <span class='ocrx_word' id='word_1_296' title='bbox 640 3840 666 3888; x_wconf 88' lang='lat' dir='ltr'><strong><em>p.</em></strong></span> <span class='ocrx_word' id='word_1_297' title='bbox 686 3822 746 3875; x_wconf 78' lang='lat'>303.</span> <span class='ocrx_word' id='word_1_298' title='bbox 817 3821 898 3889; x_wconf 67' lang='grc' dir='ltr'><strong><em>μέχρι</em></strong></span> <span class='ocrx_word' id='word_1_299' title='bbox 915 3840 944 3888; x_wconf 86' lang='grc' dir='ltr'><strong><em>γε</em></strong></span> <span class='ocrx_word' id='word_1_300' title='bbox 964 3816 1079 3886; x_wconf 81' lang='grc' dir='ltr'><strong><em>πολλοῦ]</em></strong></span> <span class='ocrx_word' id='word_1_301' title='bbox 1102 3839 1132 3888; x_wconf 89' lang='grc' dir='ltr'><strong><em>γε</em></strong></span> <span class='ocrx_word' id='word_1_302' title='bbox 1152 3823 1271 3873; x_wconf 79' lang='lat' dir='ltr'><strong>additum</strong></span> <span class='ocrx_word' id='word_1_303' title='bbox 1290 3839 1321 3873; x_wconf 77' lang='lat' dir='ltr'><strong><em>ex</em></strong></span> 
     </span>
     <span class='ocr_line' id='line_1_35' title="bbox 284 3901 1322 3977; baseline -0.006 -14"><span class='ocrx_word' id='word_1_304' title='bbox 284 3913 394 3971; x_wconf 82' lang='grc' dir='ltr'><strong><em>ΑΒΨΦ,</em></strong></span> <span class='ocrx_word' id='word_1_305' title='bbox 416 3929 458 3963; x_wconf 87' lang='lat' dir='ltr'><strong><em>om</em></strong></span> <span class='ocrx_word' id='word_1_306' title='bbox 477 3930 503 3963; x_wconf 85' lang='lat' dir='ltr'><strong><em>v.</em></strong></span> <span class='ocrx_word' id='word_1_307' title='bbox 581 3903 751 3974; x_wconf 80' lang='grc' dir='ltr'><strong><em>εὐδοκιμεῖν]</em></strong></span> <span class='ocrx_word' id='word_1_308' title='bbox 771 3901 938 3975; x_wconf 84' lang='grc' dir='ltr'><strong><em>εόδακίμουν</em></strong></span> <span class='ocrx_word' id='word_1_309' title='bbox 954 3910 985 3961; x_wconf 90' lang='grc' dir='ltr'><strong><em>Ψ.</em></strong></span> <span class='ocrx_word' id='word_1_310' title='bbox 1061 3925 1102 3963; x_wconf 80' lang='grc' dir='ltr'><strong><em>τις</em></strong></span> <span class='ocrx_word' id='word_1_311' title='bbox 1118 3904 1233 3977; x_wconf 83' lang='grc' dir='ltr'><strong><em>θεατής]</em></strong></span> <span class='ocrx_word' id='word_1_312' title='bbox 1252 3907 1322 3959; x_wconf 86' lang='grc' dir='ltr'><strong><em>θεα-</em></strong></span> 
     </span>
     <span class='ocr_line' id='line_1_36' title="bbox 284 3990 1321 4063; baseline -0.002 -16"><span class='ocrx_word' id='word_1_313' title='bbox 284 3992 333 4061; x_wconf 85' lang='grc' dir='ltr'><strong><em>τής</em></strong></span> <span class='ocrx_word' id='word_1_314' title='bbox 349 4014 390 4051; x_wconf 85' lang='grc' dir='ltr'><strong><em>τις</em></strong></span> <span class='ocrx_word' id='word_1_315' title='bbox 409 3998 443 4049; x_wconf 83' lang='grc' dir='ltr'><strong><em>Φ.</em></strong></span> <span class='ocrx_word' id='word_1_316' title='bbox 518 3992 618 4063; x_wconf 84' lang='grc' dir='ltr'><strong><em>κάρυα]</em></strong></span> <span class='ocrx_word' id='word_1_317' title='bbox 639 3990 752 4061; x_wconf 79' lang='grc' dir='ltr'><strong><em>ἀπαίρει</em></strong></span> <span class='ocrx_word' id='word_1_318' title='bbox 770 3997 833 4046; x_wconf 86' lang='grc' dir='ltr'><strong><em>ΦΜ.</em></strong></span> <span class='ocrx_word' id='word_1_319' title='bbox 910 3991 963 4046; x_wconf 77' lang='grc' dir='ltr'><strong><em>ἀπὸ</em></strong></span> <span class='ocrx_word' id='word_1_320' title='bbox 983 3990 1087 4046; x_wconf 86' lang='grc' dir='ltr'><strong><em>κόλπου</em></strong></span> <span class='ocrx_word' id='word_1_321' title='bbox 1107 3998 1232 4048; x_wconf 77' lang='lat' dir='ltr'><strong>Solanus.</strong></span> <span class='ocrx_word' id='word_1_322' title='bbox 1267 3991 1321 4046; x_wconf 80' lang='grc' dir='ltr'><strong><em>ῦπό</em></strong></span> 
     </span>
     <span class='ocr_line' id='line_1_37' title="bbox 285 4075 1322 4149; baseline -0.004 -14"><span class='ocrx_word' id='word_1_323' title='bbox 285 4078 390 4135; x_wconf 86' lang='grc' dir='ltr'><strong><em>κόλπον</em></strong></span> <span class='ocrx_word' id='word_1_324' title='bbox 408 4085 486 4135; x_wconf 79' lang='grc' dir='ltr'><strong><em>ΑΒΨ</em></strong></span> <span class='ocrx_word' id='word_1_325' title='bbox 500 4090 528 4133; x_wconf 81' lang='lat' dir='ltr'><strong><em>et</em></strong></span> <span class='ocrx_word' id='word_1_326' title='bbox 545 4100 570 4132; x_wconf 83' lang='lat' dir='ltr'><strong><em>v.</em></strong></span> <span class='ocrx_word' id='word_1_327' title='bbox 607 4082 655 4133; x_wconf 81' lang='lat' dir='ltr'><strong><em>sed</em></strong></span> <span class='ocrx_word' id='word_1_328' title='bbox 674 4077 728 4131; x_wconf 77' lang='grc' dir='ltr'><strong><em>ὑπὸ</em></strong></span> <span class='ocrx_word' id='word_1_329' title='bbox 747 4075 852 4131; x_wconf 87' lang='grc' dir='ltr'><strong><em>κόλπου</em></strong></span> <span class='ocrx_word' id='word_1_330' title='bbox 870 4100 913 4137; x_wconf 85' lang='lat' dir='ltr'><strong><em>om</em></strong></span> <span class='ocrx_word' id='word_1_331' title='bbox 932 4084 987 4133; x_wconf 88' lang='grc' dir='ltr'><strong><em>ΦΜ</em></strong></span> <span class='ocrx_word' id='word_1_332' title='bbox 1007 4082 1056 4145; x_wconf 77' lang='lat' dir='ltr'><strong>(ita</strong></span> <span class='ocrx_word' id='word_1_333' title='bbox 1073 4082 1119 4143; x_wconf 79' lang='grc' dir='ltr'><strong><em>Μ]</em></strong></span> <span class='ocrx_word' id='word_1_334' title='bbox 1200 4082 1322 4149; x_wconf 76' lang='grc' dir='ltr'><strong><em>συνέτρι-</em></strong></span> 
     </span>
     <span class='ocr_line' id='line_1_38' title="bbox 286 4164 1324 4237; baseline -0.001 -17"><span class='ocrx_word' id='word_1_335' title='bbox 286 4173 339 4236; x_wconf 91' lang='grc' dir='ltr'><strong><em>βον</em></strong></span> <span class='ocrx_word' id='word_1_336' title='bbox 357 4170 391 4221; x_wconf 87' lang='grc' dir='ltr'><strong><em>Φ.</em></strong></span> <span class='ocrx_word' id='word_1_337' title='bbox 429 4164 589 4236; x_wconf 75' lang='grc' dir='ltr'><strong><em>ξυνίτριβαν</em></strong></span> <span class='ocrx_word' id='word_1_338' title='bbox 607 4169 629 4219; x_wconf 81' lang='grc' dir='ltr'><strong>Δ</strong></span> <span class='ocrx_word' id='word_1_339' title='bbox 649 4173 719 4217; x_wconf 80' lang='lat' dir='ltr'><strong>etv.</strong></span> <span class='ocrx_word' id='word_1_340' title='bbox 794 4166 843 4233; x_wconf 83' lang='grc' dir='ltr'><strong><em>τῆς</em></strong></span> <span class='ocrx_word' id='word_1_341' title='bbox 866 4165 988 4237; x_wconf 78' lang='grc' dir='ltr'><strong><em>ὀπώρας]</em></strong></span> <span class='ocrx_word' id='word_1_342' title='bbox 1012 4166 1069 4221; x_wconf 77' lang='grc' dir='ltr'><strong><em>τῶν</em></strong></span> <span class='ocrx_word' id='word_1_343' title='bbox 1091 4164 1204 4235; x_wconf 84' lang='grc' dir='ltr'><strong><em>καρόων</em></strong></span> <span class='ocrx_word' id='word_1_344' title='bbox 1221 4171 1324 4222; x_wconf 80' lang='lat' dir='ltr'>addunt</span> 
     </span>
     <span class='ocr_line' id='line_1_39' title="bbox 289 4250 1322 4323; baseline 0.002 -18"><span class='ocrx_word' id='word_1_345' title='bbox 289 4257 352 4307; x_wconf 82' lang='grc' dir='ltr'><strong><em>ΦΜ.</em></strong></span> <span class='ocrx_word' id='word_1_346' title='bbox 423 4254 472 4321; x_wconf 80' lang='grc' dir='ltr'><strong><em>τῆς</em></strong></span> <span class='ocrx_word' id='word_1_347' title='bbox 488 4250 631 4321; x_wconf 70' lang='grc' dir='ltr'><strong><em>πυρρίχης]</em></strong></span> <span class='ocrx_word' id='word_1_348' title='bbox 648 4250 698 4319; x_wconf 74' lang='grc' dir='ltr'><strong><em>τῆς</em></strong></span> <span class='ocrx_word' id='word_1_349' title='bbox 715 4254 884 4322; x_wconf 80' lang='grc' dir='ltr'><strong><em>σιρρίγητΑ.</em></strong></span> <span class='ocrx_word' id='word_1_350' title='bbox 919 4254 1172 4323; x_wconf 77' lang='grc' dir='ltr'><strong><em>τοίιπυρῥίγοιςε.</em></strong></span> <span class='ocrx_word' id='word_1_351' title='bbox 1243 4273 1322 4308; x_wconf 86' lang='grc' dir='ltr'><strong><em>κατι-</em></strong></span> 
     </span>
     <span class='ocr_line' id='line_1_40' title="bbox 285 4337 1210 4413; baseline -0.001 -18"><span class='ocrx_word' id='word_1_352' title='bbox 285 4338 394 4413; x_wconf 84' lang='grc' dir='ltr'><strong><em>γελάτσ]</em></strong></span> <span class='ocrx_word' id='word_1_353' title='bbox 413 4337 593 4411; x_wconf 79' lang='grc' dir='ltr'><strong><em>κατεγίλαστο</em></strong></span> <span class='ocrx_word' id='word_1_354' title='bbox 616 4344 646 4393; x_wconf 90' lang='grc' dir='ltr'><strong><em>Ψ.</em></strong></span> <span class='ocrx_word' id='word_1_355' title='bbox 718 4338 768 4391; x_wconf 77' lang='grc' dir='ltr'><strong><em>τοῦ</em></strong></span> <span class='ocrx_word' id='word_1_356' title='bbox 787 4338 923 4409; x_wconf 81' lang='grc' dir='ltr'><strong><em>θεάτρου]</em></strong></span> <span class='ocrx_word' id='word_1_357' title='bbox 941 4340 998 4394; x_wconf 80' lang='grc' dir='ltr'><strong><em>τῶν</em></strong></span> <span class='ocrx_word' id='word_1_358' title='bbox 1015 4338 1128 4394; x_wconf 77' lang='grc' dir='ltr'><strong><em>θεατιόν</em></strong></span> <span class='ocrx_word' id='word_1_359' title='bbox 1147 4344 1210 4394; x_wconf 83' lang='grc' dir='ltr'><strong><em>ΦΜ.</em></strong></span> 
     </span>
    </p>
   </div>
   <div class='ocr_carea' id='block_1_3' title="bbox 0 0 1551 5162">
    <p class='ocr_par' dir='ltr' id='par_1_3' title="bbox 0 0 1551 5162">
     <span class='ocr_line' id='line_1_41' title="bbox 0 0 1551 5162; baseline 0 0"><span class='ocrx_word' id='word_1_360' title='bbox 0 0 1551 5162; x_wconf 95' lang='lat' dir='ltr'><strong><em> </em></strong></span> 
     </span>
    </p>
   </div>
  </div>
 </body>
</html>
