3108 5166
609 474 850 527 metueres.
1179 462 1251 541 115

209 668 288 712 τινα
310 642 496 730 ἐνὸόλματα
524 641 652 730 μόταια
681 643 915 732 διαφυλάττεις,
951 643 1050 732 κενὴν
1078 648 1132 713 eol
1162 646 1203 722 ὡς
1233 646 1250 715 ό

211 745 383 834 ποιητικὸς
403 745 499 837 λόγος
522 747 696 835 ἀμενηνήν
723 774 798 817 τινα
825 749 1040 836 εὐδαιμονίαν
1068 758 1110 841 τῇ
1131 749 1252 843 μνόμφ

209 848 441 939 μεταὸιιόιιανς
474 851 505 917 6.
535 854 645 918 ΜΙΚ.
679 851 744 919 ἀλλ’
776 852 847 920 οὐδ’
875 853 1077 941 ἐπιλήσομαί
1101 881 1195 934 ποτε,
1227 852 1252 921 oi

212 955 405 1045 ἀλεκτρυὼν,
437 952 474 1024 εὖ
496 960 569 1025 ἴσθι
596 966 655 1042 τῆς
685 957 792 1039 ὄψεως
814 958 946 1044 ἐκείνης·
980 960 1064 1026 οὕτω
1086 986 1146 1046 μοι
1168 959 1254 1026 πολὸ

210 1059 250 1129 τὸ
272 1064 345 1148 με’λι
375 1068 499 1137 ἐντοῖς
521 1061 711 1148 ὀφθαλμοῖς
740 1060 758 1126 ό
782 1061 907 1148 ὄνειρος
935 1061 1121 1131 καταλιπὸν
1142 1063 1250 1154 ᾤχετο,

213 1165 257 1241 ὡς
277 1163 374 1255 μόγις
396 1165 542 1256 ἀνοίγειν
562 1164 603 1232 τὸ
625 1167 771 1252 βλέφαρα
792 1166 850 1233 ὑπ’
873 1165 977 1233 αὐτοῦ
995 1170 1040 1240 εἰς
1060 1170 1170 1236 ὕπνον
1192 1163 1253 1234 αό-

212 1276 271 1344 θις
290 1268 545 1356 κατασπώμενα.
582 1267 656 1336 olor
676 1276 758 1358 γοῦν
780 1275 816 1336 ἐν
836 1283 906 1344 τοῖς
927 1269 986 1337 ciel
1011 1269 1052 1338 τὸ
1075 1270 1178 1357 πτερὰ
1201 1278 1254 1358 ἐρ-

212 1371 342 1462 γάζεται
370 1371 590 1461 στρεφόμενα,
621 1380 775 1441 ’τοιοῦτον
795 1373 959 1465 γάργαλον
980 1378 1110 1466 παρεῖχέ
1130 1402 1191 1464 μοι
1211 1373 1253 1442 τὸ

214 1476 378 1563 ὁρώμενα.
426 1479 581 1545 ΑᾸΕΚ.
611 1477 782 1567 Ἡράκλεις
812 1478 922 1547 δεινόν
954 1506 1030 1547 τινα
1063 1479 1123 1547 τὸν
1151 1486 1254 1566 ἔρωτα

213 1582 289 1673 φῂς,
315 1587 347 1648 εί
360 1609 397 1672 γε
418 1582 545 1668 πτηνὸς
567 1584 622 1664 ὥν,
648 1588 690 1660 ὥς
712 1611 803 1672 φασι,
827 1588 881 1652 ναί
896 1587 976 1673 ὅρον
997 1590 1148 1675 iponem
1169 1581 1256 1669 πτή-

214 1712 295 1761 σεως
319 1684 381 1754 τὸν
407 1690 517 1755 ὕπνον
547 1688 631 1776 ὺπέρ
658 1688 699 1757 τὸ
723 1695 743 1733 ⁴*
766 1692 958 1778 ἐσκαμμένα
985 1690 1050 1775 ἤδη
1080 1686 1172 1774 πηὸζι
1200 1688 1253 1753 καί

214 1789 407 1877 ἐνδιατρίβει
429 1790 588 1881 ἀνεῳγόσι
610 1807 679 1869 τοῖς
700 1792 900 1881 ὀφθαλμοῖς,
924 1792 1072 1883 μελιχρὸς
1094 1794 1178 1859 eliso
1200 1792 1254 1858 καί

214 1893 352 1984 ἐναργὴς
373 1893 586 1984 φαινόμενος·
619 1898 721 1964 ἐθέλω
751 1893 813 1965 οὖν
834 1897 972 1965 ἀκοῦσαι
999 1895 1070 1973 οίός
1097 1896 1146 1971 τίς
1167 1902 1255 1963 ἐστιν

215 2083 297 2158 λόγος
320 2094 389 2158 φησὶ
412 2093 447 2142 Φ.
477 2095 546 2159 Apte
570 2093 694 2144 Klotzius
720 2099 859 2160 comperet
881 2094 1022 2145 Platonem
1046 2093 1089 2143 De
1112 2092 1254 2157 Legg.1V

214 2194 240 2243 p.
260 2177 321 2242 715,
339 2196 354 2229 e
373 2172 466 2247 ὥσπερ
484 2180 531 2228 καλ
550 2173 565 2228 ό
583 2172 702 2232 παλαιὸς
719 2172 807 2248 λόγος.

284 2265 309 2316 6.
328 2258 387 2315 eei
411 2266 440 2315 Φ
465 2273 493 2317 el
514 2282 540 2317 τ.
568 2259 635 2315 oles*
659 2266 717 2316 AG.
798 2256 836 2319 εἷς
860 2258 948 2315 ’ν’πνον
975 2264 1002 2313 Φ
1023 2272 1051 2316 et
1069 2283 1094 2315 v.
1124 2259 1150 2318 ἐς
1167 2258 1254 2313 ὀπνον

213 2354 247 2403 Δ.
316 2350 384 2420 γοῦν
400 2351 515 2404 ΑΦΟΛ.
540 2352 563 2419 γ’
583 2340 633 2402 οὖν
651 2354 683 2404 G.
709 2340 759 2402 οὖν
777 2370 802 2402 υ.
871 2350 988 2415 παρεῖγέ
1004 2368 1055 2416 μοι
1072 2352 1130 2401 Au.
1154 2350 1253 2415 παρεί-

213 2433 277 2502 χετό
294 2456 346 2503 μοι
364 2440 391 2488 Φ
409 2445 437 2491 et
452 2457 479 2490 v.
499 2456 559 2491 cunr
578 2440 684 2490 Tlrome
701 2440 773 2505 Meg.
792 2455 813 2489 s.
831 2430 1024 2505 Γαργαλισμόε
1041 2455 1066 2503 p.
1084 2435 1125 2488 72.
1196 2430 1253 2485 ιλιι-

214 2521 264 2575 νόν
279 2542 342 2575 τινα
359 2523 411 2576 τὸν
427 2522 518 2593 ἔρωτα
537 2522 600 2597 φῄε,
621 2524 651 2576 εἴ
663 2522 703 2593 γε]
722 2528 761 2576 iio
773 2525 887 2589 conjeci.
907 2517 1000 2574 δεινὸν
1016 2540 1079 2574 τινα
1095 2518 1146 2573 τὸν
1163 2518 1254 2587 ἴρνιτα

216 2608 271 2677 φὴς
284 2608 334 2661 rori
350 2608 486 2672 ἐνυπνίου,
506 2610 560 2679 ιίγε
574 2617 607 2664 Α.
632 2606 726 2663 ὀεινόν
739 2628 802 2662 τινα
817 2608 871 2678 φὴς
882 2607 932 2660 τὸν
946 2607 1037 2679 ἔροιτο
1050 2608 1101 2660 τοῦ
1115 2605 1251 2668 ἐνυπνίου,

215 2696 271 2765 εἴγε
297 2698 324 2747 Φ
342 2705 369 2750 ot
386 2717 412 2750 v.
439 2717 501 2750 cum
524 2700 650 2750 lemmate
669 2700 773 2751 scholii.
801 2700 919 2751 Primum
945 2715 979 2749 ex
1000 2700 1024 2749 Λ
1048 2698 1255 2748 collocationem

214 2787 297 2835 semei
314 2786 489 2849 Luciumue,
506 2794 537 2838 ut
553 2790 581 2838 in
595 2789 743 2838 lcsromeu.
763 2785 812 2837 c.i
829 2787 885 2847 liu„
902 2788 1005 2852 Imsgg.
1025 2804 1048 2836 c.
1063 2784 1085 2847 1,
1104 2785 1138 2834 D.
1149 2786 1182 2833 ll.
1194 2783 1219 2843 7,
1229 2783 1255 2844 3,

217 2871 340 2921 Chorene
359 2889 382 2922 c.
404 2870 444 2936 il,
465 2872 585 2924 Eunreclr.
605 2892 629 2924 e.
649 2873 674 2937 ὀ,
694 2874 812 2939 Ραςίιίτ.
832 2890 856 2924 e.
872 2872 888 2925 2
907 2879 935 2923 et
952 2875 979 2923 iu
997 2874 1055 2936 ipso
1076 2871 1153 2921 (lullo
1173 2887 1197 2919 c.
1212 2869 1255 2919 23.

216 2959 284 3008 'l'nm
302 2955 352 3006 τοῦ
371 2953 498 3009 ἐνυπνίου
522 2961 594 3026 qnod
618 2962 644 3010 iu
668 2960 791 3013 omnibns
809 2959 884 3009 libris
902 2965 943 3009 est
961 2958 1056 3008 delevi.
1073 2961 1104 3005 ut
1120 2956 1256 3021 glossema

215 3047 372 3095 accusativo
394 3041 445 3095 τὸν
470 3042 562 3111 ἔροιτο
579 3048 751 3112 adscriptum.
778 3048 885 3096 Etenim
902 3040 953 3095 τοῦ
972 3039 1109 3100 ἐνυπνίου,
1135 3046 1254 3107 prseter-

216 3147 295 3196 qusm
319 3133 391 3197 qrrod
417 3135 532 3198 pessime
560 3133 722 3184 collocutum
750 3139 799 3195 esi,
827 3148 909 3198 quum
935 3132 1019 3182 verbo
1048 3125 1102 3199 φῄτ
1125 3131 1255 3179 orationis

215 3219 362 3268 membrum
380 3218 482 3269 linitum
502 3222 545 3283 sit,
564 3221 719 3271 masculinis
737 3235 808 3285 quse
822 3225 971 3284 sequuntur
983 3234 1037 3267 non
1052 3217 1138 3265 solum
1154 3232 1254 3278 genere

216 3310 363 3369 repugnet,
393 3307 464 3371 qnod
489 3306 546 3356 lieri
565 3312 654 3372 polest
671 3306 712 3367 (ut
730 3309 757 3356 iu
776 3305 873 3356 Aeseh.
891 3304 1026 3354 Promelh.
1044 3320 1071 3352 v.
1091 3302 1123 3351 ⁴2
1145 3295 1255 3365 Κρότοε

215 3391 283 3440 deus
307 3392 483 3443 masculinum
508 3392 571 3454 est),
595 3393 643 3443 εει]
662 3395 742 3443 etiem
761 3408 856 3457 reapse
872 3392 962 3441 verbis
985 3387 1055 3455 εἴγε
1077 3383 1181 3453 πτηνὸς
1206 3381 1253 3443 τὸν,

216 3470 253 3529 ιίίε
274 3493 344 3542 φασι
368 3484 509 3543 repugnet,
535 3479 607 3545 qnod
630 3478 688 3529 fieri
706 3479 780 3529 nullo
800 3478 879 3529 modo
897 3483 994 3542 potest.
1022 3477 1116 3541 Neque
1135 3476 1205 3525 onim
1221 3470 1254 3523 τὸ

216 3558 353 3622 ἐνόπνιον,
379 3565 428 3614 scri
451 3567 530 3615 unice
556 3558 699 3631 όόνειρσε
722 3582 792 3631 quse
817 3581 871 3615 non
895 3570 949 3613 tem
967 3564 1006 3613 rei
1025 3579 1104 3628 quem
1122 3577 1255 3626 personae

215 3652 290 3700 nolio
309 3655 351 3699 eet
367 3646 471 3711 πτηνὸς
487 3667 505 3701 s
522 3653 610 3716 poetis
629 3652 682 3701 diei
700 3651 778 3711 solet,
796 3657 827 3700 ut
843 3650 877 3701 sb
891 3650 1020 3714 Euripide
1038 3651 1065 3698 in
1079 3649 1147 3697 locis
1162 3647 1254 3696 Soloni

216 3737 358 3787 Phoenice.
380 3753 406 3787 τ.
429 3735 502 3799 1515,
530 3737 616 3802 lphig.
635 3738 716 3788 Tsor.
743 3736 803 3800 571,
826 3737 922 3803 quibus
945 3736 1015 3786 udde
1039 3735 1144 3784 ilecnb.
1170 3732 1200 3782 71
1228 3738 1256 3782 ct

217 3829 336 3873 nostrum
354 3824 429 3874 Verr.
449 3824 518 3874 Hiet.
538 3824 571 3885 ll,
591 3823 633 3874 31.
660 3825 745 3875 Recte
763 3826 845 3888 igilur
861 3824 889 3874 J.
904 3825 935 3874 P.
951 3823 1103 3872 Gronovius
1121 3821 1189 3869 vidit
1204 3814 1254 3868 τοῦ

218 3905 345 3958 ἐνυπνίου
371 3916 399 3959 ct
415 3904 520 3971 πτηνὸς
537 3911 666 3976 conjungi
684 3928 738 3960 non
756 3926 846 3975 poseo,
871 3926 963 3960 err-erre
982 3909 1051 3958 idem
1071 3909 1098 3956 in
1117 3924 1158 3967 oo,
1183 3907 1256 3971 quod

216 3993 266 4045 τοῦ
285 3991 396 4063 ὀνείρου
419 4013 468 4061 pro
490 3992 540 4045 τοῦ
564 3990 689 4045 ἐνυπνίου
713 3995 839 4059 conjecit.
866 3998 950 4045 Immo
975 3996 1071 4044 deletis
1094 3995 1183 4043 verbis
1204 3990 1254 4042 τοῦ

218 4078 344 4132 ἐνυπνίου
364 4083 399 4133 sd
415 4078 519 4146 πτηνὸς
535 4083 816 4148 πιειι1εευρρ1ετιι1ιιιη
831 4088 872 4132 esi
889 4077 904 4131 ό
919 4075 1028 4147 ὀνειροε
1041 4098 1057 4129 e
1071 4080 1256 4144 superioribus

220 4170 271 4219 illis
300 4165 315 4218 ό
340 4162 449 4233 ὄνειρος
469 4160 629 4218 καταλιπών
652 4163 745 4231 ἤγετο.
779 4170 870 4230 Quare
894 4171 932 4219 ite
954 4169 1089 4231 rescripsi,
1111 4160 1257 4232 Ἠράκλεις

219 4248 311 4305 ὸιινόν
327 4274 390 4307 τινα
406 4253 457 4306 τὸν
475 4252 565 4324 ἔροιτο
584 4251 646 4325 φῂτ,
667 4252 733 4322 εἴγε
745 4251 849 4320 πτηνὸς
861 4249 900 4304 clv
915 4254 984 4315 (scil.
999 4249 1014 4302 ό
1030 4247 1149 4318 ὀνιιροε)
1161 4279 1202 4303 -.

218 4336 289 4393 οὕτω
307 4361 333 4395 v.
358 4338 445 4397 οὕτως
469 4344 520 4393 Φο.
545 4330 626 4395 ciros
642 4344 674 4393 Α.
747 4336 836 4392 ἐθέλοι
861 4329 921 4407 οὖν]
944 4342 1019 4392 Libri
1039 4357 1139 4401 omues,
1166 4333 1254 4389 ἐθέλω

215 4427 291 4497 γοῦν.
364 4446 409 4481 ιιι
427 4447 470 4483 om
488 4447 513 4483 s.
582 4425 757 4499 τριπόθητον
771 4430 849 4482 codd.
865 4446 968 4495 omnes,
982 4430 1062 4480 etiem
1079 4427 1139 4479 ΛΦ.
1165 4428 1254 4489 Quum

1008 4514 1048 4567 gs
