3066 5162
1211 344 1276 399 xm

232 519 364 584 docebit
393 516 484 584 Solae
497 518 576 582 enim
591 516 668 582 duae
687 516 755 581 edd.
767 522 888 581 veteres
904 532 945 581 ex
956 514 1086 599 antiquis
1098 517 1184 581 codd.
1200 534 1275 600 par-

233 643 283 704 tim
302 642 414 705 dncme
430 646 511 720 snut,
530 644 654 723 praeter
662 636 863 702 Florentinum
879 656 906 706 a.
920 635 1004 701 aluo
1015 642 1071 717 (a)
1082 638 1205 702 Juniina
1219 638 1276 716 (d)

230 763 349 827 Antoni
371 762 511 826 Franeini
534 759 688 838 (Venellis
710 779 736 822 a.
751 757 864 839 1535),
887 778 965 841 quae
981 778 1041 823 una
1063 759 1154 824 editio
1174 759 1278 843 scrip-

230 892 320 949 turas
343 884 488 966 quasdam
511 882 603 946 habet
623 901 691 945 cum
714 882 780 945 cod.
804 881 972 945 Gorticensi
994 895 1179 946 communes.
1218 880 1278 946 Sed

191 1014 203 1029 ·
231 1005 427 1087 „rralgatami
456 1003 536 1068 inter
563 1020 670 1067 omnes
699 1008 820 1066 constat
847 1003 905 1066 alio
940 1002 1133 1067 laudamento
1166 1001 1219 1064 uiti
1248 1006 1279 1063 et

230 1128 449 1210 plerarumque
470 1125 594 1189 Luciam
624 1124 788 1188 editionum
818 1124 942 1189 iundnm
965 1142 1037 1188 esse
1060 1124 1197 1188 Aldinam
1220 1138 1277 1186 se-

231 1218 365 1313 cundam
389 1253 456 1328 (c),
483 1248 572 1310 etiam
595 1246 749 1310 Parisiuae
772 1251 830 1324 (n)
859 1245 1032 1310 Bourdeloti
1063 1265 1090 1314 a.
1115 1243 1209 1323 loto,
1238 1263 1278 1307 ex

232 1390 298 1452 qua
319 1387 442 1433 rursum
465 1368 620 1432 lleitciana
644 1384 793 1450 expressa
817 1373 874 1430 est.
910 1367 1004 1450 Atqui
1019 1368 1126 1431 Aldina
1144 1366 1278 1431 secunda

233 1490 393 1570 (venetiis
417 1511 443 1554 a.
458 1486 561 1569 1522)
585 1491 701 1554 emtore
724 1488 885 1553 Francisco
909 1488 1046 1553 Asulano
1067 1474 1279 1572 ¹praeterquam

234 1613 319 1695 qnod
335 1612 414 1674 vitiis
431 1611 658 1695 typographicis
673 1610 761 1693 plena
777 1617 834 1689 est,
856 1610 900 1674 uti
914 1609 1106 1674 Lehmaunus
1123 1610 1156 1674 Τ.
1169 1610 1182 1673 1
1197 1630 1225 1693 p.
1238 1608 1279 1672 Xl

237 1734 351 1811 docuit,
367 1733 456 1816 plena
472 1731 555 1796 inlsis
571 1731 765 1815 conjecturis,
787 1732 867 1795 sicut
880 1749 940 1813 ego
956 1732 992 1795 ad
1007 1730 1080 1795 huc.
1093 1733 1138 1795 lle
1152 1731 1278 1796 Concor.

235 1855 313 1918 ilist.
336 1874 362 1917 c.
387 1853 407 1915 l
431 1852 567 1917 ostendi:
589 1853 655 1936 ipsa
678 1872 696 1915 e
719 1852 822 1916 codice
844 1853 959 1917 recenti
982 1854 1090 1918 nullius
1113 1853 1178 1917 lenc
1201 1872 1278 1917 auc-

238 1975 367 2039 toritatis
390 1993 539 2056 expressa
562 1980 620 2055 cst,
643 1974 691 2038 cui
704 1974 756 2038 uni
773 1976 799 2037 si
814 1975 861 2038 vel
878 1974 1036 2039 mediocris
1052 1974 1149 2039 codex
1166 1976 1279 2057 opponi

237 2097 380 2180 potuerit,
403 2102 465 2159 tota
486 2096 606 2180 jacebit.
652 2094 726 2157 ilino
748 2096 911 2159 existimari
939 2102 1055 2179 potest,
1085 2116 1174 2178 mam
1195 2102 1280 2158 reete

236 2218 430 2282 Lehmannus
446 2217 480 2280 T.
494 2217 507 2280 1
522 2238 551 2300 p.
563 2216 618 2280 Xll
634 2216 820 2300 „vulgatam
834 2215 956 2281 Luciani
971 2216 1097 2300 perinde
1113 2214 1279 2280 habendam

238 2357 312 2403 esse
335 2340 502 2417 censuerit,
531 2356 567 2401 ae
594 2343 728 2400 veterem
757 2339 893 2401 amicum.
938 2338 981 2401 ht
1002 2356 1092 2402 nemo
1116 2337 1279 2417 mirabitur,

238 2460 311 2543 quid
332 2460 381 2539 sit,
404 2458 484 2542 quod
507 2475 567 2541 ego
587 2459 648 2541 jam
665 2455 977 2523 olima.1827lonte
1000 2458 1176 2542 „vulgatae“
1198 2465 1281 2522 reete

239 2585 402 2664 perspecto
431 2580 462 2642 in
483 2578 579 2662 lipist.
601 2579 667 2642 crit.
690 2598 719 2662 p.
744 2578 771 2641 h'
798 2579 844 2641 his
874 2580 949 2662 ipsis
972 2581 1074 2644 verbis
1097 2581 1289 2665 scripserim,

239 2702 419 2781 „lucianum
442 2737 484 2749 -
506 2700 587 2763 uitiis
610 2719 646 2762 ac
667 2700 783 2764 mendis
807 2702 945 2766 obrutum
964 2703 1097 2785 jacere.i
1130 2702 1175 2765 Ex
1198 2707 1280 2764 tanta

240 2823 376 2887 codicum
403 2822 591 2886 multitudine
620 2829 729 2904 [supra
760 2823 839 2886 enim
868 2824 1041 2887 enumeravi
1072 2824 1192 2888 circiter
1213 2822 1280 2899 XL)

241 2951 272 3007 at
287 2945 490 3026 nequissimus
506 2944 635 3025 quisque
652 2944 815 3026 abjiciatur,
832 2945 994 3027 optandum
1011 2953 1076 3008 est:
1100 2946 1156 3009 etsi
1172 2962 1279 3027 magna

242 3062 409 3128 adhibente
427 3065 484 3127 erit
507 3065 613 3127 cautio.
650 3062 828 3137 Quaerimus
851 3067 929 3129 enim
953 3067 1129 3150 „vulgatae“
1151 3066 1278 3147 aliquem

241 3186 384 3265 codicem,
408 3185 514 3249 malum
538 3186 617 3249 illum
641 3185 770 3267 quidem,
793 3186 847 3250 sed
864 3187 1051 3253 inactuosum
1067 3189 1095 3254 h.
1108 3209 1135 3251 e.
1152 3188 1279 3250 Aldinae

241 3307 393 3370 secundae
415 3306 608 3370 simillimum:
631 3325 692 3389 quo
716 3307 839 3370 invento
862 3309 980 3372 demum
1003 3310 1115 3391 ubique
1138 3308 1278 3372 invenie·

243 3444 321 3505 mus,
342 3427 412 3510 quid
433 3427 465 3490 F.
490 3427 644 3491 hanlanus
671 3446 712 3491 ex
733 3429 801 3511 ipso
825 3428 938 3510 codice,
967 3431 1038 3513 quid
1065 3431 1279 3512 econjectara

242 3547 366 3628 dederit,
388 3547 498 3630 quidve
519 3566 580 3612 non
596 3549 662 3631 ipse
678 3550 732 3613 sed
749 3550 904 3632 typotheta
924 3551 1065 3633 peccarit.
1100 3550 1279 3625 Quaerimus

241 3689 280 3733 ex
303 3674 388 3752 parte
409 3670 467 3732 hoc
488 3670 597 3753 ipsum,
620 3672 740 3754 quinam
765 3672 885 3735 codices
909 3689 965 3755 pro
988 3672 1073 3735 malis
1088 3671 1168 3736 haud
1190 3671 1279 3736 dubie

242 3789 367 3853 habendi
397 3792 457 3853 sint
479 3797 511 3854 et
533 3792 600 3874 quis
623 3812 663 3856 ex
686 3810 817 3874 quonam
847 3794 904 3857 alio
935 3795 1107 3877 descriptus
1130 3793 1277 3859 videatur.

241 3909 368 3975 Maxime
390 3930 464 3976 vero
479 3913 592 3977 iontem
606 3913 741 3977 codicum
758 3914 930 3996 quaerimus
945 3916 1194 3998 antiquissimum,
1217 3909 1278 3978 nou

242 4049 332 4095 unum
355 4032 488 4097 codicem
512 4040 631 4117 (neque
654 4035 732 4097 enim
755 4040 789 4097 ut
811 4034 983 4118 Aeschylus
1008 4036 1145 4101 fortassis
1167 4058 1186 4100 e
1208 4037 1278 4100 hle-

242 4152 344 4232 diceo,
371 4155 410 4217 ita
440 4155 529 4218 etiam
552 4155 702 4220 Luciacus
730 4151 791 4219 uno
822 4176 861 4219 ex
891 4158 996 4221 codice
1019 4164 1100 4222 totus
1124 4159 1278 4241 proiectus

242 4280 322 4352 eso:
353 4275 406 4339 sed
438 4276 563 4357 primum
588 4278 658 4355 duo,
689 4296 816 4360 quorum
840 4279 916 4341 alter
945 4282 1165 4344 correctionem
1195 4282 1278 4343 anti-

242 4396 431 4476 quissimam,
461 4397 640 4480 scripturam
670 4398 746 4461 alter
774 4398 963 4463 correctione
992 4400 1115 4465 liberam
1138 4404 1279 4479 servarit,

242 4515 348 4579 deinde
378 4518 467 4580 etiam
495 4518 598 4601 plures
629 4520 714 4585 codd.
744 4522 940 4600 veterrimos,
969 4522 1109 4604 quioniam
1137 4524 1167 4585 in
1197 4522 1279 4585 nudo
