3050 5160
1267 364 1294 419 V

252 515 339 583 sinus
362 516 463 600 2954)
494 536 517 581 a
537 513 650 581 Belino
679 515 780 582 obiter
799 515 962 602 inspectus
984 522 1042 601 est
1073 536 1169 601 quem
1190 519 1294 586 eonio·

251 637 370 705 tionem
390 635 548 703 interdum
570 637 731 723 supplerit
747 636 976 704 Boissonsdius
997 637 1041 704 sd
1061 637 1294 707 Aristaenetum

252 760 297 845 (p.
321 759 395 844 396,
417 779 450 845 p.
472 758 546 844 537,
569 780 598 845 p.
622 758 708 844 656).
759 759 797 824 In
819 764 928 825 nostra
949 765 1055 825 nutem
1077 759 1216 828 editione
1238 783 1294 829 sex

252 879 405 965 oodieum,
445 880 499 964 qni
531 899 616 947 nune
648 880 785 966 primum
819 879 988 967 diligenter
1024 901 1133 948 ornnes
1170 883 1294 953 exeussi

251 1009 334 1088 sont,
356 1001 494 1068 eonlntio
516 1007 628 1068 exstet.
679 1001 800 1068 Horum
826 1002 1064 1086 antiquissimus
1086 1009 1134 1070 est
1154 1004 1182 1069 B
1205 1003 1293 1092 (Vin-

251 1120 473 1219 dobonensis):
513 1141 607 1206 quern
643 1142 703 1209 ego
739 1121 799 1189 etsi
837 1124 879 1190 ab
913 1121 1072 1191 Jaoobitio
1112 1144 1177 1191 non
1209 1124 1294 1191 mele

252 1250 469 1333 eompnetum
490 1264 704 1330 essenorum,
733 1237 839 1313 tenen
867 1245 932 1312 elia
958 1246 1030 1333 ipse
1058 1245 1237 1315 eonlntione
1262 1252 1294 1313 et

250 1367 286 1433 in
308 1372 396 1433 textu
418 1366 505 1433 etin
526 1366 657 1434 scholiis
677 1365 830 1434 utendum
847 1368 968 1456 putari,
990 1387 1085 1451 quem
1106 1367 1144 1435 H.
1166 1367 1293 1434 Bonitio

252 1488 292 1554 V.
321 1488 368 1555 cl.
397 1488 612 1557 intercedente
644 1488 684 1554 H.
713 1489 885 1557 Vielhsber
916 1489 994 1555 mihi
1023 1489 1155 1556 curavit
1210 1490 1294 1555 Tum

250 1609 323 1676 libri
341 1608 370 1689 Q
391 1610 583 1698 (Augustani
605 1611 703 1697 tertii)
724 1612 877 1679 lectiones
893 1612 1090 1699 semiplenae
1109 1612 1143 1677 in
1153 1610 1294 1678 Sohmie

124 1792 129 1801 .
251 1731 319 1799 deri
352 1732 492 1802 editione
518 1733 674 1819 leguntur,
705 1733 784 1800 mihi
813 1741 919 1801 antem
947 1734 984 1799 L.
1007 1732 1158 1821 Spengeli
1188 1733 1293 1799 eonls·

252 1855 370 1922 tionem
392 1854 487 1922 edere
506 1856 645 1943 eontigit
689 1855 749 1923 His
769 1856 859 1923 libris
880 1857 1010 1924 interior
1031 1863 1081 1925 est
1101 1864 1134 1924 et
1146 1855 1292 1923 Parisino

250 1977 362 2044 similis
388 1976 417 2043 Φ
435 1978 674 2063 (Florentium),
697 1978 789 2063 eujus
809 1978 885 2045 olim
907 1980 1118 2046 eonistionern
1139 1978 1180 2045 ab
1197 1978 1234 2043 F.
1252 1976 1293 2045 de

251 2098 349 2165 Foris
366 2099 487 2186 seeepi.
519 2099 701 2167 Novissime
711 2099 998 2168 Sommerbrodtius
1010 2100 1088 2166 mihi
1098 2119 1188 2167 meus
1198 2099 1292 2166 trium

253 2219 398 2288 eodioum
418 2221 505 2288 misit
525 2221 687 2308 ieetiones,
716 2223 865 2290 Vntieeni
887 2224 928 2290 87
952 2222 1017 2309 (d),
1046 2222 1123 2289 item
1144 2221 1293 2288 Votioeni

250 2342 295 2408 90
315 2342 377 2427 (Γ)
389 2348 421 2408 et
429 2342 583 2410 Mereisni
595 2345 660 2410 434
676 2342 751 2432 (Ω),
775 2345 1040 2433 qnoromprimus
1057 2343 1291 2410 obHermsnno

249 2464 354 2550 Peter,
376 2464 533 2532 seeundus
553 2465 596 2532 ab
618 2465 657 2532 G.
672 2464 879 2552 Studemund,
901 2466 1083 2534 Professore
1104 2463 1288 2531 Wuroebnr·

250 2586 350 2673 gensi,
372 2587 483 2654 tertios
497 2588 539 2654 sb
557 2588 628 2673 ipso
649 2588 678 2655 J.
697 2562 964 2656 Sommerbrodtio
979 2586 1149 2675 diiigenter
1167 2587 1292 2654 exeus'd

249 2713 332 2775 sunt
370 2708 534 2776 Ethorum
556 2708 683 2794 quidem
697 2710 847 2777 librorum
868 2710 1042 2797 seriptnrne
1063 2729 1120 2777 sno
1133 2728 1292 2794 quemque

249 2830 321 2897 loeo
342 2830 482 2899 inserere
503 2831 608 2899 adhue
629 2831 733 2898 lienit:
755 2851 819 2899 non
837 2832 935 2918 liouit,
957 2830 992 2897 id
1013 2830 1099 2916 qnod
1121 2830 1222 2917 doleo,
1244 2831 1291 2896 uti

250 2950 415 3037 „Nigrini“
437 2952 479 3018 sb
501 2951 767 3020 Somnrerbrodtio
793 2954 949 3041 reeogniti
979 2952 1118 3020 editione
1140 2952 1289 3038 secunde,

251 3091 346 3157 onem
379 3092 450 3141 sero
469 3074 590 3161 seeepi.
656 3074 706 3141 De
738 3073 894 3162 dignitate
926 3075 1038 3143 horum
1067 3072 1212 3143 eodioum
1244 3074 1290 3142 sio

250 3193 376 3261 hebeto.
420 3193 569 3264 Caeteros
598 3216 708 3263 ornnes
736 3212 887 3284 superare
915 3195 1040 3264 videtur
1073 3196 1101 3261 B
1130 3194 1289 3263 Vindobo-

250 3315 366 3403 nensis,
399 3336 493 3402 quern
515 3319 575 3385 etsi
592 3317 663 3403 jem
689 3319 723 3387 in
744 3318 926 3387 Alexandro
953 3337 1051 3405 saepe
1072 3324 1198 3386 seentns
1220 3337 1303 3412 nun¹

251 3442 284 3504 et
304 3435 381 3504 ibid.
396 3437 430 3506 in
446 3438 583 3506 Preeist.
601 3462 634 3528 p.
652 3440 697 3507 1v
719 3439 892 3527 dilaudsvi
914 3461 999 3508 nuno
1020 3446 1127 3508 temen
1149 3440 1289 3528 optimae

249 3566 346 3627 notae
359 3560 440 3627 libro
451 3567 572 3628 motum
583 3561 695 3648 tribuo,
717 3568 753 3629 nt
771 3582 843 3630 eum
861 3563 939 3630 sotis
956 3562 1154 3630 laedereris
1165 3582 1289 3647 queem.

95 3688 102 3700 ‘
249 3680 360 3767 Nuper
391 3682 488 3749 etiarn
520 3680 755 3752 Siemonsenins
787 3683 836 3769 (in
868 3681 1009 3761 Quaestt.
1039 3682 1169 3751 Lucien.
1198 3705 1230 3770 p.
1254 3685 1288 3769 7)

250 3801 333 3870 huno
366 3802 509 3872 oodioem
537 3804 610 3890 jure
642 3804 849 3892 praedicavit
902 3803 971 3883 Quo
993 3805 1097 3891 megis
1118 3802 1289 3873 dolendum

251 3931 309 4010 est,
330 3926 364 3993 in
382 3925 630 4015 vindobonensi,
662 3926 770 3994 libello
791 3945 876 4008 nune
896 3945 974 3995 rere
994 3931 1132 3994 ennato
1153 3926 1208 3995 rix
1228 3933 1289 3996 ter·

250 4047 327 4114 tism
348 4047 482 4117 Lueieni
503 4056 627 4137 partem
649 4069 817 4137 superesse
846 4055 878 4116 et
902 4048 938 4116 in
958 4069 1022 4118 uno
1044 4046 1289 4137 ,Λημώνακτος

250 4166 340 4254 Βίῳ“
358 4188 398 4235 ex
418 4169 558 4240 iislibris
571 4172 753 4258 quiserrsti
770 4177 853 4259 sunt,
874 4171 1055 4241 Beodioem
1076 4194 1098 4241 n
1117 4174 1288 4260 semetipso

251 4286 407 4357 deieoisse
417 4290 528 4358 videri.
560 4293 644 4360 Heio
657 4292 760 4361 eodiei
773 4293 1007 4382 proximussed
1020 4295 1289 4383 longoproxinrus
