3066 5162
273 381 346 453 150
678 410 905 463 Λουσικιιου

269 582 344 665 περὶ
371 588 435 648 τών
458 586 494 647 ἐν
515 588 556 669 τῇ
578 587 621 669 γῇ
643 579 860 671 πραγμάτων,
890 579 932 648 τά
960 589 1074 668 πρώτα
1101 585 1168 667 μὲν
1188 588 1306 658 ἐκεῖνα,

269 682 379 753 π’ύοου
403 691 463 751 νῦν
485 684 502 750 ὁ
525 682 631 771 πυρός
659 690 745 751 ἐστιν
768 685 862 760 ώνιος
891 684 945 751 cni
973 683 1222 769 τῆςἙλλάδος,
1254 687 1308 751 καί

270 794 301 855 εἰ
328 786 456 874 σφόδρα
484 787 583 874 ἡμῶν
605 787 623 854 ὁ
646 790 763 874 πέρυσι
790 786 911 877 χειμών
931 790 1098 868 καθίκετο,
1129 790 1183 854 καί
1211 792 1242 855 εί
1266 783 1307 855 τά

268 891 393 981 λάχανα
416 892 518 958 δεῖται
539 891 690 968 πλείονος
712 891 914 978 ἐπομβρίας·
949 890 1034 978 μετά
1058 893 1095 958 δὲ
1122 891 1249 977 ἠρώτα,
1280 896 1313 958 εἴ

268 1021 317 1071 τις
346 994 405 1062 έτι,
421 994 565 1062 λείπεται
593 1004 659 1063 τῦν
686 994 754 1062 ἀπό
788 994 936 1072 Φειδίου,
968 997 1023 1062 καί
1052 994 1095 1061 δι’
1126 994 1171 1080 ἢν
1199 996 1307 1063 αἰτίαν

202 1114 252 1168 780
270 1101 428 1168 ε’λλίπσιεν
461 1099 641 1184 Ἀθηναῖοι
667 1097 708 1166 τά
737 1095 858 1167 Διάσια
886 1103 907 1141 ⁴*
928 1098 1094 1167 τοσούτων
1125 1105 1222 1178 ἐτοῖν,
1254 1102 1308 1166 καί

271 1209 300 1271 εί
319 1202 358 1271 τό
377 1203 594 1289 Ὀλυμπίειον
616 1203 703 1293 αὐτῷ
726 1205 903 1270 ἐπιτελέσαι
933 1203 1164 1279 διανοοῦνται,
1196 1204 1251 1270 καὶ
1280 1210 1311 1271 εί

271 1307 528 1395 συνελήφθησαν
561 1313 593 1376 οἱ
631 1306 689 1376 τὸν
723 1314 759 1375 ἐν
791 1305 936 1395 Δωδώνῃ
970 1305 1049 1374 νεών
1083 1306 1305 1393 σεσυληκότες.

267 1414 340 1480 ἐπεί
363 1413 399 1480 δὲ
420 1415 495 1499 περί
516 1410 642 1479 τούτων
665 1410 904 1499 ἀπεκρινάμην,
937 1412 1008 1479 εἰπέ
1027 1437 1105 1497 μοι,
1135 1413 1306 1492 Μένιππε,

270 1516 349 1603 ἔφη,
381 1517 456 1603 περί
484 1514 515 1583 δ’
540 1522 622 1601 ἐμοῦ
654 1521 686 1582 οἱ
715 1515 890 1601 ἄνθρωποι
917 1517 992 1583 τίνα
1020 1514 1157 1604 γνώμην
1179 1516 1307 1606 έχουσις

268 1622 355 1702 τίνα,
388 1620 484 1707 έφην,
517 1619 674 1699 δέσποτα,
705 1618 812 1705 ᾔτην
835 1618 1083 1706 εὐσεβεστάτην,
1113 1622 1249 1707 βασιλέα
1272 1646 1309 1685 σε

269 1722 508 1792 εἶναιπάντων
530 1732 639 1804 θεώνς
668 1722 793 1803 παίζεις
815 1708 907 1813 ἔχων,
931 1722 1006 1810 ἔφη.
1042 1722 1080 1791 τό
1105 1724 1141 1791 δὲ
1161 1722 1309 1810 φιλόκαι-

271 1854 328 1896 νον
350 1827 458 1895 αύτών
481 1827 620 1914 ἀκριβῶς
642 1827 733 1905 οἶδα,
770 1827 832 1894 κάν
853 1825 902 1915 μη
925 1829 1029 1917 λέγῃς.
1075 1823 1120 1913 ἦν
1140 1826 1202 1916 γάρ
1225 1853 1307 1894 ποτε

269 1930 401 2021 χρόνος,
433 1931 489 1998 ὅτε
516 1933 570 1996 καί
599 1928 718 2017 μάντις
753 1930 890 1999 ἐδόκουν
913 1930 1024 2008 αύτοῖς
1046 1933 1100 1997 καί
1123 1932 1233 2018 ἰατρός
1252 1934 1308 1997 καί

268 2033 381 2102 πάντα
406 2035 485 2111 ’σ’λιος
506 2030 549 2119 ἦν
571 2031 643 2123 ἐγώ,

469 2139 591 2224 μεσταί
614 2137 648 2205 δὲ
670 2137 749 2214 Διὸς
771 2144 877 2205 πᾶσαι
898 2143 963 2224 μὲν
984 2137 1106 2226 ἀγυιαί,

468 2249 575 2309 πᾶσαι
597 2241 628 2308 δ’
654 2240 844 2328 ἀνθρώπων
865 2242 992 2332 ἀγοραί.

269 2344 365 2431 καὶὴ
390 2344 533 2431 Δωδώνη
556 2372 592 2412 τε
612 2346 666 2411 καί
687 2343 709 2430 ἡ
733 2344 826 2411 Πῖσα
847 2348 997 2432 λαμπραί
1024 2348 1078 2413 καί
1099 2346 1307 2433 περίβλεπτοι

269 2459 373 2517 πᾶσιν
404 2445 511 2535 ἦσαν,
546 2447 614 2516 ύπύ
649 2448 684 2515 δὲ
716 2456 775 2515 τοῦ
810 2459 940 2516 καπνοῦ
971 2459 1038 2517 τών
1070 2458 1198 2517 θυσιῶν
1232 2448 1303 2517 οὐδ’

270 2550 466 2640 ἀναβλέπειν
491 2578 553 2641 μοι
582 2550 725 2619 δυνατόν
752 2548 806 2636 ἦν.
838 2558 869 2629 ἐξ
891 2547 932 2620 ού
955 2552 989 2619 δύ
1019 2559 1055 2620 ἐν
1077 2555 1215 2639 Δελφοῖς
1242 2558 1307 2638 μὲν

266 2655 437 2725 Ἁπόλλων
457 2654 496 2723 τό
517 2670 678 2741 μαντεῖον
699 2655 932 2741 κατεστήσατο,
959 2664 993 2723 ἐν
1016 2656 1187 2745 Περγάμῳ
1210 2656 1246 2723 δὲ
1267 2654 1306 2722 τό

201 2774 249 2827 781
271 2766 410 2846 ἰατρεῖον
439 2759 457 2826 ό
485 2757 680 2844 Ἀσκληπιός
703 2764 723 2802 ⁴*
745 2761 799 2825 καί
827 2757 865 2826 τό
894 2760 1087 2828 Βενδίδειον
1114 2763 1240 2850 ἐγένετο
1270 2767 1305 2826 ἐν

273 2864 388 2956 θρᾲκη
410 2866 463 2930 καί
492 2861 530 2930 τό
550 2862 777 2950 Ἀνουβίδειον
798 2870 834 2930 έν
856 2864 1015 2953 Αἰγύπτῳ
1045 2866 1098 2930 καί
1128 2863 1166 2931 τό
1192 2863 1305 2951 Ἀρτε-

269 2969 383 3054 μίσιον
405 2973 438 3033 έν
457 2967 597 3054 Ἐφέσῳ,
625 2969 683 3033 ’ἐπὶ
710 2975 814 3033 ταῦτα
843 2972 906 3054 μὲν
937 2971 1080 3045 ἅπαντες
1106 2969 1225 3034 θέουσι
1253 2970 1306 3032 καί

269 3069 399 3144 τούτοις
419 3067 789 3160 πανηγύρειςάνάγουοι
810 3072 864 3136 καί
887 3070 1072 3160 ἑκατόμβας
1094 3080 1303 3158 παριστᾶσιν,

270 3179 329 3261 ἐμὲ
352 3174 382 3240 δ’
408 3175 516 3259 ὥσπερ
539 3171 756 3260 παρηβηκότα
780 3178 894 3252 ἱκανῶς
921 3178 1128 3263 τετιμηκέναι
1150 3175 1306 3261 νομίζου-

271 3304 335 3358 σιν,
371 3277 414 3343 ἀν
446 3274 499 3343 διά
533 3280 631 3343 πέντε
665 3279 746 3343 ὅλων
776 3284 856 3345 ἐτῶν
884 3278 1033 3347 θύσωσιν
1063 3286 1098 3346 έν
1122 3279 1302 3365 Ὀλυμπίᾳ.

221 3454 228 3463 ,
270 3389 446 3471 τοιγαροῦν
467 3382 685 3470 ψυχροτέρους
708 3381 751 3448 ἀν
771 3407 842 3469 μου
862 3381 940 3459 τούς
968 3382 1103 3471 βωμούς
1133 3384 1214 3458 ίδοις
1241 3391 1305 3449 τῶν

270 3543 477 3555 --.----

269 3628 406 3687 lbeutione
425 3634 532 3684 dativus
551 3633 613 3683 addi
632 3633 710 3697 solet,
728 3639 758 3684 ut
775 3634 809 3684 ab
828 3634 967 3695 Herodoto
986 3635 1033 3695 ΙΙΙ,
1052 3633 1098 3685 97τ
1122 3629 1160 3697 τῷ
1177 3618 1305 3696 ΙΔιονύσῳ

270 3717 404 3790 ἀνάγουσι
420 3717 469 3775 τάν
487 3715 580 3788 ύρτάε,
599 3720 663 3772 ibid.
682 3723 727 3781 IV,
747 3721 794 3773 λῦε
818 3706 884 3788 εύρε
908 3716 962 3787 γὰρ
986 3719 1019 3790 tq}
1042 3723 1128 3786 μητρὶ
1149 3718 1206 3769 τών
1227 3715 1307 3769 θεῶν

271 3807 422 3877 ἀνάγοντας
437 3805 502 3862 τούς
518 3805 690 3871 Κυζικηνούς
707 3804 801 3876 ὁρτήν.
838 3810 887 3859 sed
905 3809 938 3859 ad
955 3809 1090 3873 vulgatam
1102 3802 1235 3873 ἀνάγουσι
1248 3804 1305 3870 jam

270 3901 297 3949 in
316 3900 439 3959 Quaestt.
458 3899 526 3947 Luc.
542 3913 567 3961 p.
581 3897 633 3949 332
646 3898 708 3960 jure
727 3898 804 3948 redii.
832 3913 894 3947 nam
914 3896 986 3960 quod
1005 3895 1164 3946 adolescens
1181 3888 1304 3958 πανηγύ-

268 4001 329 4049 ρεις
346 3978 443 4051 ἀγοοσι
461 3982 642 4046 conjeceram,
663 3984 689 4033 id
708 3999 741 4033 ne
760 3999 949 4033 memorassem
970 3983 1087 4048 quidem,
1115 3984 1165 4031 nisi
1186 3982 1305 4031 Cobetus

271 4074 302 4121 V.
322 4072 352 4120 L.
371 4087 396 4134 ρ.
417 4070 469 4122 162
487 4071 626 4120 etiterum
645 4087 671 4135 ρ.
692 4069 743 4123 265
768 4077 874 4120 etcum
894 4070 998 4120 Cobeto
1023 4072 1081 4133 ipse
1106 4067 1260 4117 Diudorfius
1277 4068 1305 4116 in

271 4158 384 4209 eandem
405 4156 588 4219 conjecturam
608 4158 706 4208 frustra
724 4158 890 4207 incidissent.
967 4151 1145 4220 παριστᾶσιν]
1163 4150 1305 4219 παριστῶ-

271 4260 316 4295 οιν
333 4243 416 4294 Φνίὶ.
453 4238 619 4308 περιστᾶσιν
637 4245 669 4293 l).
742 4239 789 4308 ε’μί
809 4235 836 4291 δ’
859 4243 894 4291 Φ.
933 4237 980 4307 έμέ
1001 4236 1031 4292 δέ
1052 4259 1077 4293 ν.
1148 4235 1242 4308 ὥσπερ
1261 4256 1325 4290 σοι’

269 4333 305 4383 D.
376 4323 410 4380 ἀν
426 4326 491 4396 μου]
511 4324 617 4395 ἀνόμου
637 4332 670 4381 G.
