3050 5160
565 454 946 509 AnrmuArroreror.
1200 426 1272 499 189

235 624 433 714 Σώστρατον
471 626 661 714 ἀναφέρων,
700 625 738 693 ὃν
762 626 926 713 ’Ἡρακλέα
963 631 994 693 οἱ
1015 627 1169 714 ’Έλληνες
1199 626 1274 694 taol-

236 734 316 799 λονν
348 731 402 797 καλ
440 729 544 819 ᾤοντο
579 730 678 811 εἶναι,
722 732 776 797 καλ
808 728 953 817 μάλιστα
986 735 1032 807 εἷς
1064 729 1274 820 Δημώνακτα

236 832 294 902 τὸν
316 831 507 922 φιλόσοφον,
533 836 591 912 οὓς
611 837 666 902 καλ
688 833 778 904 εἶδον
791 833 890 912 αὐτὸς
911 836 965 902 καλ
988 833 1064 904 ἰδών
1078 835 1271 924 statuero,
1316 884 1320 889 ,

236 940 366 1029 θατέρῳ
399 939 435 1006 dh
463 946 508 1030 cpi
530 938 732 1028 Δημώνακτι
760 941 814 1007 καλ
837 942 891 1008 dul
919 938 1080 1028 μήκιστον
1103 937 1275 1032 συνεγινώ-

236 1170 379 1221 Prooemio
398 1171 452 1236 p.l
469 1171 645 1237 scriptoribus
664 1173 711 1239 qui
728 1172 948 1239 philosophorum
966 1173 1036 1224 vitos
1055 1171 1189 1224 ediderint
1207 1188 1272 1224 enu-

236 1257 372 1309 moraudis
389 1259 428 1309 ita
446 1260 567 1324 scripsit:
585 1255 745 1313 Λουκιανὸς
763 1253 794 1309 δέ
813 1255 827 1309 b
848 1253 877 1309 έιι
893 1253 1077 1326 Σαμοσάτων,
1097 1254 1169 1325 ἀνὴρ
1189 1275 1275 1309 σπου-

239 1335 319 1398 δαῖοι
336 1339 363 1399 ές
378 1340 411 1395 τὸ
423 1338 604 1413 γελασθῆναι,
624 1341 813 1414 Δημώνακτος
830 1340 988 1413 φιλοσόφου
1007 1341 1064 1397 κατ’
1075 1341 1196 1402 έκεένουι
1210 1344 1276 1403 τοὺς

236 1427 353 1498 χρόνους
369 1430 433 1499 βίον
451 1427 617 1503 ἀνέγραψεν,
643 1430 673 1485 έν
697 1429 792 1498 έκιένιρ
815 1450 845 1484 τι
863 1431 902 1498 τῷ
920 1427 1019 1502 βιβλίῳ
1037 1438 1084 1484 καὶ
1103 1428 1196 1489 ἄλλοις
1212 1429 1274 1485 έλα-

236 1520 339 1585 pictore
356 1513 390 1569 δι’
411 1513 477 1570 ὅλον
496 1514 663 1576 σπουδάσας.
690 1528 780 1573 tamen
792 1522 824 1573 G.
836 1522 960 1573 Olearius
974 1522 1009 1573 ad
1021 1523 1175 1575 Philostrat.
1185 1540 1211 1589 p.
1225 1524 1273 1577 550

237 1608 311 1659 nullo
330 1614 489 1675 argumento
508 1609 599 1661 adlato
609 1610 805 1661 Demonactem
815 1610 929 1660 Lucisni
940 1626 1000 1660 esse
1018 1610 1125 1661 videtur
1142 1627 1273 1676 negasse:

238 1696 281 1745 cui
299 1696 358 1746 viro
382 1695 446 1761 quid
467 1697 496 1746 iu
518 1702 634 1747 mentem
657 1699 762 1748 venerit
788 1713 839 1762 ogo
863 1713 917 1748 non
943 1698 1029 1762 magis
1054 1712 1133 1764 quam
1159 1698 1275 1750 solanus

239 1780 284 1844 (sd
302 1781 489 1845 Demonactd
500 1782 526 1845 1)
545 1784 690 1835 divinando
709 1784 845 1850 adsequor
862 1786 1027 1850 missumque
1039 1785 1177 1837 Olearium
1194 1787 1273 1837 iecis-

237 1884 303 1928 sem,
323 1869 376 1919 uisi
392 1869 420 1920 J.
440 1869 547 1921 Belslrer
569 1872 597 1921 iu
622 1887 672 1923 sua
689 1872 803 1922 Luciaui
826 1871 890 1922 edit.
909 1872 942 1923 T.
960 1873 987 1924 11
1004 1888 1031 1937 p.
1054 1872 1103 1925 153
1128 1878 1156 1924 et
1177 1889 1205 1939 p.
1223 1873 1275 1926 310
1320 1865 1322 1869 ’

239 1955 274 2007 ub
292 1955 414 2007 Lucieno
433 1957 628 2009 Demonactem
647 1960 730 2010 tacito
750 1957 943 2023 abjudicasset.
978 1960 1070 2025 itaque
1094 1960 1195 2029 tirouep
1219 1977 1274 2011 mo·

237 2043 318 2094 uendi
337 2048 408 2102 suut,
428 2059 463 2094 ne
481 2050 535 2095 tam
553 2045 697 2096 manifesto
716 2046 808 2096 Olesri
826 2051 908 2111 etque
927 2045 1044 2097 Belsheri
1069 2062 1160 2105 errore
1182 2048 1228 2113 agi
1245 2064 1275 2098 se

236 2136 404 2182 transversos
421 2132 568 2196 patiantur.
601 2131 659 2197 jam
678 2148 731 2198 quo
755 2137 876 2197 ternpore
895 2133 1071 2184 Demonactis
1094 2135 1150 2184 rita
1167 2133 1201 2185 ab
1220 2134 1273 2184 Lu-

243 2218 321 2268 cieno
341 2218 415 2269 edita
432 2220 467 2268 sit
485 2220 677 2285 quaerentibus
696 2217 773 2269 nobis
792 2219 904 2283 primurn
925 2218 1062 2284 Cethegus
1080 2220 1230 2271 consularis
1247 2223 1276 2270 iu

238 2304 353 2354 Damon.
381 2302 397 2365 5
422 2303 455 2357 30
482 2304 610 2357 obcurrit.
647 2322 717 2371 quae
745 2320 827 2370 quum
854 2305 888 2356 ad
907 2320 1006 2355 anuum
1034 2305 1096 2356 Chr.
1118 2305 1276 2367 01.xe

238 2390 315 2442 Coss.
334 2390 370 2441 M.
390 2391 472 2443 Corn.
491 2391 613 2457 Cethego
633 2397 661 2443 et
670 2392 701 2442 C.
711 2393 811 2442 Erucio
822 2390 902 2442 curo
918 2391 1081 2442 referantur:
1100 2392 1275 2443 Demonactis

237 2477 326 2528 Vitam
351 2484 413 2543 post
436 2495 462 2529 ιι.
482 2477 532 2531 170
557 2481 584 2529 iu
608 2479 697 2530 iucem
720 2479 808 2529 exisse
834 2484 949 2543 oportet.
985 2484 1041 2529 tum
1065 2494 1131 2529 vero
1149 2478 1274 2530 Herodes

237 2565 335 2615 atticus
353 2565 495 2630 plurimum
514 2565 634 2630 prodest,
654 2571 716 2631 post
733 2563 812 2630 cujus
829 2566 879 2615 riri
899 2565 1092 2616 mortemhunc
1109 2565 1207 2616 librum
1218 2565 1274 2616 edi-

237 2657 292 2702 tum
311 2666 371 2702 esse
391 2668 406 2703 o
425 2668 449 2702 c.
467 2650 512 2710 24,
532 2668 556 2702 c.
575 2652 609 2705 25
628 2657 656 2702 et
674 2670 697 2703 c.
716 2651 750 2704 33
772 2652 910 2702 luculente
929 2650 1050 2716 adparet.
1089 2654 1164 2717 atqui
1183 2652 1274 2703 Philo-

237 2743 336 2790 stratus
361 2739 388 2788 in
406 2739 438 2789 V.
459 2737 577 2800 s.11,t
599 2756 623 2790 c.
644 2737 676 2788 l2
699 2738 771 2789 hunc
790 2738 927 2789 Herodem
952 2754 976 2789 a.
997 2737 1047 2790 176
1070 2739 1159 2790 adhuc
1182 2754 1274 2804 snper-

237 2826 326 2875 stitem
351 2825 435 2876 fuisse
459 2830 586 2889 testatur,
614 2842 667 2892 quo
691 2841 762 2877 enno
780 2825 901 2877 Murcum
928 2826 1117 2890 imperatorem
1139 2826 1276 2877 initiorum

237 2925 321 2962 causa
343 2911 464 2963 Athenas
492 2914 598 2963 venisse
628 2912 674 2964 alii
701 2928 810 2978 quoque
837 2911 1006 2963 tradiderunt
1032 2917 1063 2962 ut
1084 2911 1236 2977 xiphilinus
1261 2929 1275 2963 e

239 2997 334 3048 Cassio
354 2999 442 3049 Dione
461 2998 504 3063 71,
524 2998 573 3051 di:
600 3016 633 3051 er
652 3015 705 3066 quo
729 2999 802 3050 hunc
825 2998 923 3049 librum
948 3003 1009 3063 post
1026 3014 1052 3048 u.
1072 2995 1122 3050 170
1147 3000 1275 3063 scriptum

238 3100 298 3135 esse
317 3084 416 3136 elucet.
453 3102 515 3137 nam
535 3086 568 3137 de
586 3091 707 3153 tempore
726 3103 779 3153 quo
798 3085 922 3136 Herodes
941 3090 1061 3136 mortuus
1080 3090 1135 3147 est,
1160 3084 1277 3136 Solauns

238 3171 273 3222 ad
291 3173 452 3224 Demousot.
464 3189 487 3226 c.
498 3171 532 3225 33
550 3174 645 3239 procul
664 3175 773 3225 erravit.
812 3177 907 3224 contre
925 3187 979 3222 nou
996 3171 1277 3223 meleEichsteedtius

239 3257 292 3324 (sp.
311 3258 451 3309 Florillum
470 3259 536 3310 Her.
556 3262 610 3311 Att.
629 3260 698 3312 Reli.
716 3277 742 3326 p.
763 3258 806 3319 10)
832 3259 968 3309 Herodem
990 3260 1140 3324 imperante
1157 3258 1276 3324 Trojano

238 3362 263 3396 ιι.
284 3344 333 3397 101
351 3350 443 3396 uatum
463 3351 490 3396 et
508 3346 557 3397 sub
581 3348 693 3413 imperio
717 3345 858 3397 Commodi
875 3362 900 3396 ιι.
911 3343 963 3397 180
978 3350 1111 3396 mortuum
1130 3362 1191 3398 esse
1209 3363 1277 3398 con-

234 3432 312 3497 jecit.
348 3432 397 3483 sed
414 3434 510 3484 melius
530 3436 668 3496 stirmis,
692 3435 736 3484 cui
753 3448 841 3499 paene
860 3432 1007 3497 adsentior,
1031 3432 1081 3483 Th.
1102 3433 1219 3498 Heysins
1238 3435 1277 3495 (iu

216 3545 217 3548 ¹
238 3521 446 3571 Zimmermanui
463 3521 539 3576 Diur.
556 3522 589 3573 A.
610 3521 677 3587 1830
696 3537 731 3571 m.
752 3519 865 3571 Octobri
883 3519 915 3569 N.
935 3519 985 3573 123
999 3535 1026 3585 p.
1037 3518 1099 3581 001)
1117 3520 1156 3570 itu
1175 3524 1277 3585 statuit,

238 3608 375 3659 Herodem
394 3610 505 3660 atticum
528 3625 553 3660 a.
572 3609 680 3660 circiter
699 3606 745 3660 101
771 3612 864 3657 natum
889 3611 916 3656 ct
940 3622 966 3656 a.
987 3606 1036 3658 177
1059 3611 1192 3656 mortuum
1217 3624 1277 3659 esse

239 3711 329 3746 senem
348 3712 482 3747 annorum
500 3694 543 3747 70.
579 3695 650 3747 adde
669 3695 750 3746 etiam
769 3693 925 3744 Clintonum
943 3693 1170 3744 quast.Rom.I
1188 3710 1214 3759 p.
1227 3693 1276 3747 173

238 3783 273 3832 ad
291 3799 316 3833 a.
336 3782 395 3834 170.
432 3788 568 3849 postremo
591 3784 676 3848 ipsius
699 3781 875 3832 Demonactis
902 3784 978 3831 aetas
1004 3784 1031 3829 et
1053 3784 1160 3844 tempus
1184 3784 1277 3834 mortis

239 3886 272 3920 ex
290 3870 342 3921 hoc
359 3872 474 3921 Luciaui
491 3870 559 3921 libro
579 3869 759 3920 definiendum
779 3873 834 3931 est,
863 3865 942 3932 cujus
965 3866 1025 3917 libri
1051 3866 1152 3918 multae
1176 3874 1277 3934 partes,

238 3957 322 4008 veluti
341 3974 365 4008 c.
385 3955 416 4009 31
437 3957 472 4008 ad
490 3957 575 4008 Marci
593 3962 724 4023 tempore,
749 3955 814 4006 nihil
833 3959 923 4006 autem
942 3954 977 4005 ad
996 3955 1172 4007 Commodum
1191 3958 1274 4022 impe-

238 4048 354 4095 ratorem
372 4046 498 4109 pertinet,
517 4044 647 4095 nonnulle
666 4043 781 4109 denique
801 4041 932 4107 (inprimis
951 4057 975 4092 c.
997 4040 1013 4092 3
1035 4041 1118 4105 med.)
1143 4043 1178 4094 ab
1197 4045 1275 4095 Com-

239 4130 312 4181 modi
338 4136 428 4181 aetate
456 4129 534 4196 plene
562 4131 716 4184 abhorrent.
753 4135 808 4180 tum
836 4126 985 4180 diutissime
1011 4123 1068 4191 (ἐπὶ
1088 4123 1227 4195 μήκιστον
1248 4134 1277 4182 in

238 4218 352 4268 Damon.
377 4235 401 4268 c.
422 4216 446 4277 ll
471 4219 489 4266 i.
509 4234 533 4266 e.
561 4219 657 4282 opinor
680 4218 774 4268 decem
801 4233 856 4269 uon
883 4218 970 4268 minus
998 4232 1083 4268 anuos
1101 4218 1277 4269 Demonactis

237 4304 418 4355 familiaritate
437 4320 502 4355 usus
521 4309 563 4355 est
578 4305 726 4367 Lucienus,
745 4305 792 4369 qui
810 4306 884 4355 circs
901 4321 926 4355 a.
939 4304 989 4355 105
1006 4304 1126 4355 Athenas
1144 4305 1274 4355 redierat:

238 4396 268 4442 ut
285 4392 426 4443 Demonsx
445 4408 499 4443 nou
517 4396 580 4443 aute
598 4408 622 4443 s.
635 4391 684 4443 175
703 4394 821 4456 potuerit
837 4397 959 4442 mortuus
978 4406 1047 4442 csse.
1078 4405 1161 4456 quare
1173 4389 1274 4443 Solane
