3086 5154
278 422 330 494 44
683 447 913 500 Αστιιικπστ

280 645 363 690 σειον
383 617 631 705 κατεσκληκότα,
667 618 720 683 καλ
750 616 804 685 διά
824 624 923 686 τοῦτο
954 617 1127 706 αἰδέσιμον
1146 622 1213 706 μὲν
1234 618 1318 685 εἶναι

210 743 261 795 stt
280 727 453 806 δοκοῦντα,
479 724 520 791 οὐ
540 720 651 809 πάντη
675 723 711 789 δὲ
731 720 817 807 ἡδὺν
840 720 917 789 οὐδὲ
938 735 1008 797 τοῖς
1024 726 1045 765 ⁴*
1061 721 1207 808 πλήθεσι
1224 746 1318 812 κεχα-

279 830 446 918 ρισμένον,
471 835 604 914 πρῶτον
624 831 687 914 μὲν
718 824 820 893 αὐτὸν
842 826 898 893 inl
918 833 980 915 γῆς
1000 826 1127 913 βαίνειν
1150 829 1263 894 εἴθισα
1283 832 1317 901 ές

278 933 338 1002 τὸν
360 930 577 1019 ἀνθρώπινον
601 937 723 999 τοῦτον
744 927 882 1017 τρόπον.
928 927 1014 1015 μετὰ
1039 930 1075 997 δέ
1095 929 1157 997 τόν
1187 928 1318 1018 αὐχμὸν

280 1036 341 1107 τόν
369 1035 475 1106 πολδν
505 1032 700 1111 ἀποπλύνας
727 1036 783 1101 καὶ
810 1033 942 1121 μειδιᾶν
965 1031 1214 1123 καταναγκάσας
1235 1032 1316 1117 ἡδέα

280 1154 350 1217 τοῖς
372 1139 470 1228 ὁρῶσι
490 1136 730 1226 παρεσκεύασα.
778 1139 833 1205 ἐπὶ
865 1145 949 1205 πᾶσι
982 1137 1018 1204 δὲ
1050 1135 1113 1222 την
1144 1136 1319 1224 κωμῳδίαν

283 1244 369 1332 αὐτῷ
390 1245 569 1330 παρέζευξα
590 1243 643 1310 καλ
665 1241 748 1310 κατὰ
770 1248 869 1309 τοῦτο
892 1238 1019 1327 πολλήν
1033 1245 1065 1307 oi
1080 1237 1319 1330 μηχανώμενος

281 1350 344 1435 τὴν
366 1346 500 1415 εὔνοιαν
520 1346 611 1434 παρά
633 1354 700 1413 τῶν
722 1343 919 1425 ἀκουόντων,
945 1350 980 1411 οἳ
994 1345 1073 1420 τέως
1090 1342 1150 1418 τάς
1168 1342 1320 1419 ἀκάνθας

281 1450 341 1528 τάς
363 1456 399 1519 ἐν
421 1449 507 1539 αὐτῷ
537 1449 680 1527 δεδιότες
708 1451 816 1537 ὥσπερ
845 1448 904 1516 τόν
934 1452 1040 1539 ἐχῖνον
1068 1453 1100 1523 ές
1128 1445 1188 1524 τάς
1215 1461 1321 1538 χεῖρας

282 1558 394 1643 λαβεῖν
417 1554 519 1624 αὐτόν
541 1552 770 1642 ὲφνλάττοντο.
816 1552 878 1621 ἀλλ’
903 1552 963 1643 lyei
986 1550 1049 1620 οἷδ’
1075 1553 1156 1637 ὅπερ
1177 1550 1321 1638 μάλιστα

283 1662 379 1728 iunci
400 1657 512 1738 αὐτόν,
539 1660 588 1725 ὅτι
609 1656 658 1745 με]
676 1656 717 1725 τά
733 1658 863 1748 γλίσχρα
885 1662 990 1725 ἐκεῖνα
1010 1657 1065 1723 καλ
1086 1654 1189 1723 λεπτά
1210 1653 1321 1741 κάδη-

284 1790 348 1852 μαι
369 1760 453 1850 πρός
471 1760 574 1829 αὐτόν
591 1761 920 1852 σμικρολογούμενος,
946 1765 976 1827 εἰ
990 1757 1162 1835 ἀθάνατος
1178 1758 1200 1845 ἡ
1218 1756 1318 1849 ψυχὴ,

286 1941 361 1995 κελαι
378 1936 410 1990 τὸ
428 1935 571 2007 τέταρτον]
595 1941 673 1991 Plato
691 1943 719 1993 in
739 1941 841 2005 Gorgia
858 1956 883 2005 p.
903 1938 965 2003 itt,
982 1941 1018 1990 A:
1042 1931 1187 1993 κολακείας
1204 1934 1256 2003 μέν
1273 1924 1324 1988 οάν

288 2025 371 2096 λ’γαιγε
390 2022 469 2078 εἶπεν
486 2021 589 2092 μόριον
599 2019 649 2091 (sc.
660 2022 712 2091 τὴν
727 2020 901 2093 ῥητορικήν).
970 2019 1116 2078 κολακείας
1131 2020 1164 2074 τό
1178 2021 1321 2091 τέταρτον]

287 2116 392 2166 malim:
412 2110 477 2179 [sci]
496 2106 641 2167 κολακεέαι
655 2109 688 2163 τό
706 2113 841 2181 τέταρτον
859 2112 958 2164 collato
978 2113 1144 2174 Quintiliano
1162 2113 1198 2174 11,
1218 2112 1260 2173 15,
1278 2112 1323 2173 25,

289 2204 334 2268 qui
353 2201 495 2252 Platonica
511 2201 558 2251 illa
578 2201 618 2252 sic
634 2204 730 2252 vertit:
755 2199 911 2261 „civilitatis
934 2185 1083 2264 particulae
1106 2199 1278 2250 simulacrum
1297 2204 1324 2249 et

290 2294 411 2356 quartam
434 2293 537 2354 partem
560 2284 751 2338 adulationis.“
788 2285 920 2349 asyndeto
946 2291 1021 2336 caret
1044 2287 1124 2336 etism
1147 2287 1236 2337 versio
1259 2286 1322 2335 Arn-

289 2376 371 2428 miani
389 2374 540 2425 Marcellini
558 2373 642 2436 XXX,
661 2374 691 2424 l:
715 2372 872 2438 „civilitatis
889 2371 1039 2437 particulae
1056 2372 1177 2422 umbram
1194 2372 1239 2423 vel
1257 2372 1323 2422 adu·

288 2462 397 2513 lationis
414 2466 517 2524 partem
537 2456 689 2525 quartam.“
759 2452 934 2524 λεπτολογῶν
954 2456 1060 2509 lunc
1082 2465 1110 2509 et
1130 2474 1156 2509 v.
1192 2450 1323 2508 λεπτολο-

289 2546 432 2613 χεῖνΜῩε.
503 2541 536 2596 τὸ
556 2540 723 2613 φρόντισμα]
741 2546 786 2597 hic
805 2546 912 2611 quidem
928 2545 1069 2596 Platonem
1086 2545 1183 2596 inludit
1201 2545 1324 2610 exemplo

290 2631 487 2696 Aristophanis,
506 2635 550 2697 qni
567 2632 687 2684 Socratis
705 2632 891 2698 quaestionem
910 2632 944 2681 de
962 2631 1096 2696 pulicibus
1113 2631 1235 2697 aliasque
1252 2631 1323 2681 simi-

290 2719 330 2770 les
348 2718 494 2783 adpellavit
512 2712 697 2784 „losps'rrooc
714 2713 894 2787 φρόντισμα“
912 2719 940 2768 in
957 2717 1055 2768 Nubit).
1073 2733 1100 2766 r.
1122 2716 1180 2769 tot.
1205 2723 1324 2769 ceterum

290 2804 384 2855 Aelius
401 2804 532 2855 Aristides
550 2810 578 2854 ct
594 2805 750 2857 Athenaeus
767 2820 849 2870 saepe
867 2806 895 2856 in
913 2804 1054 2855 Platonem
1078 2819 1132 2855 non
1151 2806 1238 2854 minus
1256 2806 1324 2855 acri·

290 2897 333 2941 ter
349 2891 449 2941 invecti
467 2894 538 2941 snnt.
609 2881 702 2959 ι’δειάν]
720 2883 814 2955 ἡδέων
826 2891 858 2939 Ψ.
896 2889 937 2940 his
956 2905 1063 2956 qnoque
1080 2890 1171 2941 verbis
1186 2893 1254 2955 περὶ
1269 2886 1327 2940 τάν

292 2969 378 3027 ἰδεῶν
393 2977 515 3027 Platonis
533 2976 656 3042 dialogos
674 2979 770 3039 innuit,
788 2978 926 3042 inprimis
944 2976 1146 3039 Parmeniden,
1165 2983 1221 3027 turn
1246 2979 1325 3028 etiarn

292 3064 360 3114 alios
377 3068 408 3112 ut
424 3062 606 3113 Phaedonem.
678 3056 828 3130 ὀξυδορκεῖ
850 3061 949 3113 lutto
967 3069 994 3114 et
1011 3063 1072 3113 edd,
1090 3069 1156 3114 vett.
1175 3068 1282 3129 praeter
1300 3079 1324 3114 a.

293 3140 441 3213 ὀξυδορκεῖ
464 3149 541 3199 MaY.
620 3149 746 3201 undecim
770 3149 864 3201 verba:
893 3146 980 3199 ταῦτα
998 3173 1032 3184 -
1053 3145 1133 3213 ζητεῖ
1154 3166 1197 3201 oni
1224 3166 1268 3215 pin
1290 3149 1324 3208 Ω,

293 3235 389 3287 eadem
414 3250 460 3284 sec
484 3250 580 3285 rnanus
602 3238 800 3301 superscripsit.
872 3232 953 3300 ζητεῖ
968 3232 1023 3301 καὶ]
1045 3252 1094 3302 pro
1112 3236 1154 3286 his
1172 3231 1266 3300 ζητεῖν
1282 3252 1326 3301 pm

293 3323 330 3373 ht.
401 3314 457 3371 ἀνοι
474 3313 635 3386 βλέπειΑΨ
649 3328 676 3372 et
693 3320 849 3373 fortassisil
868 3338 928 3374 cum
947 3323 1063 3387 Gnycto.
1099 3315 1255 3389 ἀποβλέπει
1271 3323 1326 3373 ΦΜ

294 3416 322 3459 ct
345 3407 406 3458 edd.
426 3413 491 3458 vett.
563 3404 609 3473 τό]
629 3403 661 3458 oni
680 3404 716 3458 τό
735 3410 765 3460 Υ.
801 3410 937 3461 voluerat:
965 3403 1014 3473 οάχ
1036 3405 1113 3476 όριάν
1134 3404 1169 3459 ris
1187 3436 1230 3460 -.
1265 3411 1327 3462 vide

294 3495 396 3546 codicis
415 3493 442 3542 Φ
463 3495 622 3559 scripturam
646 3497 803 3560 proximam.
875 3491 923 3559 οάχ
947 3491 1023 3562 όρολν
1047 3512 1090 3547 orn
1115 3495 1150 3548 Φ.
1221 3490 1267 3563 uir]
1292 3492 1328 3551 διε

294 3577 327 3632 οὐ
347 3583 377 3633 V.
446 3574 660 3647 τόἜλληνικόν]
685 3585 846 3633 atticismum
864 3583 985 3634 Platonis
1008 3583 1104 3648 prohat
1121 3589 1149 3634 et
1166 3583 1325 3643 aemulatur,

293 3669 345 3731 (uti
362 3668 509 3721 scholiasta
525 3668 570 3719 hic
588 3669 657 3720 hene
676 3669 815 3734 explicuit)
840 3670 963 3735 dialogos
981 3669 1102 3721 Platonis
1121 3685 1267 3737 eorumque
1285 3687 1326 3722 ar·

292 3763 421 3824 gnmenla
438 3755 496 3807 odit
512 3756 649 3806 Lucienus
672 3761 699 3806 et
716 3758 874 3807 insectatur.
909 3757 980 3807 idem
1002 3758 1117 3807 inaximo
1137 3772 1218 3821 opere
1235 3757 1329 3809 laudat

294 3845 431 3896 Platonem
450 3845 478 3893 in
491 3843 591 3893 Piscat.
609 3842 653 3904 22,
671 3843 717 3893 ubi
734 3845 838 3894 mireris
857 3843 908 3894 hoc
926 3842 1072 3893 scholium:
1089 3836 1200 3907 peitate,
1219 3840 1249 3891 τέ
1265 3835 1327 3891 δια·

294 3924 439 3983 αιλλαι’νειι
455 3927 514 3983 τοῖι
532 3923 678 3994 σκώμμασι
693 3924 730 3980 τὰ
746 3924 797 3979 τοῦ
806 3923 957 3983 Πλάτοινοι
967 3944 1014 3993 -;
1086 3923 1171 3979 αὐτοῦ
1189 3929 1327 3995 βαρβαρι·

293 4012 352 4081 κόν]
372 4010 424 4066 cir
493 4009 695 4081 ,βαρβαρικόν
717 4017 740 4066 Α
763 4015 835 4077 (cum
858 4016 942 4068 altero
966 4021 1066 4081 puncto
1090 4017 1117 4065 in
1141 4014 1249 4081 marn).

293 4096 469 4169 βαρβαρικόν
486 4117 515 4150 τι
532 4101 586 4150 ΔΨ
602 4105 629 4150 et
650 4101 773 4151 fortassis
790 4102 823 4152 Ω.
864 4098 1039 4170 βαρβαρικόν
1063 4102 1118 4152 ΦΜ
1146 4109 1173 4152 ct
1197 4118 1222 4152 v.
1302 4098 1329 4158 ές

293 4182 379 4238 αὐτόν
397 4188 449 4240 ΑΨ.
488 4178 527 4241 εἷς
549 4181 634 4236 αὐτόν
655 4185 736 4237 sidit
760 4193 788 4238 et
804 4205 830 4239 v.
901 4181 1119 4255 ἀπολελόγημαι]
1144 4180 1168 4236 δ’
1193 4188 1269 4239 addit
1291 4189 1328 4240 lt.

363 4268 482 4326 δυνατόν
499 4269 562 4338 ε’μολ
580 4271 653 4324 suu
672 4279 700 4325 et
716 4289 742 4325 v.
779 4266 898 4326 δυνατόν
913 4262 949 4340 ἦν
969 4275 1047 4326 ulls.
1086 4265 1205 4324 δυνατόν
1223 4274 1257 4322 Φ.

294 4356 430 4432 ἐνέγκατε]
450 4356 611 4429 ἀνενέγκατε
631 4362 662 4412 Α.
