3108 5166
612 398 854 523 Aramaua.
1182 452 1250 540 131

216 634 355 723 είλόμην
383 634 576 725 ἀπόρρητον
603 638 833 728 ποιησάμενος
859 638 923 728 την
953 641 1072 721 αέτίαν,
1103 641 1146 718 ὡς
1169 642 1256 710 είκαί-

215 745 325 819 ζοντες
347 740 442 818 ἄλλος
464 741 564 818 ἄλλως
592 744 737 820 ἅπαντες
759 743 996 831 ἐκπλήττωνται
1025 745 1180 835 καθάπερ
1202 748 1257 814 έπί

214 857 283 918 τοῖς
306 844 446 933 ἀσαρίσι
467 853 534 913 τῶν
554 855 720 936 χρησμῶν.
758 846 854 936 δρᾷςς
883 852 1059 938 καταγελᾷς
1088 850 1199 936 κάμοῦ
1222 856 1258 919 ἐν

214 955 260 1035 τῷ
282 949 384 1034 μέρει.
432 951 542 1015 MJK.
569 950 610 1017 οὐ
638 958 800 1019 τοσοῦτον
830 952 912 1019 ὅσον
934 954 1177 1039 Κροτωνιατῶν
1205 957 1258 1021 καί

216 1052 481 1120 Μεταποντίνων
501 1053 556 1119 καί
583 1054 798 1141 Ταραντίνων
824 1057 964 1123 καὶτῶν
994 1056 1097 1125 ἄλλων
1119 1054 1259 1145 ἀφώνων

217 1180 270 1221 σοι
300 1157 476 1241 ἑπομένων
505 1158 560 1223 καλ
581 1157 857 1244 προσκυνούντων
877 1159 919 1227 τὰ
943 1161 1012 1251 ίχνη
1037 1163 1059 1226 ri
1082 1162 1123 1229 σύ
1144 1170 1259 1230 πατῶν

218 1257 475 1346 ἀπολιμπάνοις.
529 1262 580 1330 tu.
609 1261 866 1349 ἀποωιοὰμενος
896 1262 931 1331 δὲ
957 1264 1019 1333 τὸν
1048 1264 1260 1355 Πυθαγόραν

219 1419 300 1468 quum
327 1405 390 1454 olim
416 1421 442 1470 p.
462 1403 513 1459 292
535 1406 563 1457 J.
583 1406 694 1474 Seageri
719 1408 901 1474 conjecturam
925 1410 1005 1461 etiam
1030 1426 1047 1460 a
1070 1411 1193 1460 Bclrlrero
1218 1427 1257 1461 re·

218 1492 324 1553 ceptam
350 1491 514 1555 probassem,
539 1488 711 1561 σεμνότερος.
741 1495 815 1545 Libri
834 1512 926 1545 omncs
950 1489 1110 1562 καινότερον
1128 1499 1207 1547 etiam
1226 1498 1258 1557 A,

218 1575 267 1625 sed
284 1577 310 1625 ia
331 1577 383 1626 hoc
402 1593 483 1643 supra
500 1594 547 1628 και
564 1581 686 1631 fortassis
698 1582 800 1647 sliquid
815 1598 929 1632 erasum.
953 1584 1005 1643 Qui
1021 1599 1122 1633 errore
1137 1586 1258 1647 proximo

217 1663 392 1713 καινοποιεῖν
420 1667 546 1717 manavit.
633 1660 728 1720 ειείτνῗς
753 1667 782 1716 Φ
803 1674 831 1719 ct
853 1684 879 1718 τ.
907 1663 992 1717 αὐτοῦ
1018 1670 1048 1719 Α.
1135 1662 1260 1734 εἱλόμην]

219 1742 334 1815 ἑλοίμην
356 1754 391 1813 Α,
417 1768 497 1817 quera
520 1753 618 1805 calami
640 1755 745 1819 lapsum
769 1756 840 1807 aerio
863 1755 987 1806 Klotaius
1012 1761 1109 1807 tuetur.
1181 1750 1262 1811 ὅλλνε

217 1835 381 1888 aecuAv.
407 1831 486 1888 ἄλλοι
504 1856 528 1889 r.
554 1832 641 1894 ἄλλως
659 1833 740 1894 ἄλλος
757 1842 808 1892 hoc
829 1841 922 1891 ordine
942 1843 974 1893 G.
1052 1836 1097 1891 ἐπὶ
1115 1843 1257 1894 ΑΦΟΟΛ.

220 1917 249 1972 ἓν
266 1939 292 1974 τ.
370 1924 458 1991 Vulgo
480 1925 561 1975 MJK.
586 1943 702 1992 persona
725 1929 833 1992 ponitur
856 1933 919 1979 ante
942 1923 1025 1997 ὁρᾷε;
1048 1923 1199 1995 καταγελᾷς
1215 1955 1258 1980 -.

219 2009 272 2060 Sed
292 2012 318 2060 iu
337 2012 360 2061 A
379 2011 452 2062 nullu
474 2018 515 2063 cst
539 2030 610 2064 nova
633 2030 750 2079 persona
774 2019 836 2064 aute
860 2013 928 2065 lrsec
946 2015 1031 2066 verba
1055 2023 1082 2065 et
1100 2022 1160 2082 post
1178 2016 1260 2082 μέρει

219 2096 324 2147 demum
348 2114 419 2148 nova
443 2099 562 2166 loquitur
584 2116 709 2165 persona.
737 2101 852 2150 Easdem
871 2117 1000 2165 personas
1018 2102 1170 2153 Jacobitius
1189 2119 1261 2153 arrae

220 2184 313 2234 tribuit
335 2191 363 2234 ct
386 2184 474 2235 codici
499 2201 549 2237 suo
571 2188 596 2239 V
620 2191 648 2237 ct
672 2184 717 2249 (rie
741 2202 793 2252 quo
812 2185 959 2238 hariolator
976 2194 1084 2238 tacente
1102 2190 1209 2252 Boline)
1229 2192 1259 2240 C,

219 2270 293 2320 Idem
312 2271 387 2322 addit
405 2273 432 2321 in
452 2272 475 2322 (l
493 2278 556 2339 post
573 2267 656 2339 ὁρᾷε;
675 2266 827 2339 καταγελᾷς
844 2274 949 2338 siguum
967 2276 1043 2338 sequi
1058 2290 1198 2338 personae.
1218 2277 1261 2325 De

219 2359 341 2420 peracuta
365 2357 426 2408 libri
445 2357 471 2406 Φ
490 2364 517 2409 et
534 2359 696 2410 scholiastae
717 2360 786 2409 inira
804 2359 900 2409 dicam.
927 2359 1060 2422 lilotzius,
1079 2376 1158 2426 quem
1175 2362 1259 2411 Jaco-

219 2443 300 2493 bitius
318 2444 417 2510 ubique
437 2445 544 2510 expilat,
565 2447 659 2496 merito
677 2445 723 2495 ille
743 2445 849 2510 quidem
868 2444 965 2510 probat
980 2450 1007 2494 et
1020 2460 1150 2510 personas
1164 2446 1261 2497 tibris

220 2534 248 2577 et
271 2547 331 2580 mor
356 2531 476 2594 ejusdem
501 2533 659 2596 scripturam
687 2524 719 2581 οὗ
737 2527 882 2590 τοσοῦτον,
910 2531 958 2581 sod
983 2531 1042 2581 libri
1061 2533 1260 2596 ascripturum

221 2616 285 2665 milri
308 2622 363 2666 tom
388 2618 495 2682 quidem
514 2634 539 2683 p.
558 2615 609 2669 292
633 2634 687 2669 non
711 2620 797 2684 magis
820 2634 899 2685 quam
924 2616 1098 2668 Sclrmiedero
1125 2620 1260 2684 cognitam

222 2704 303 2752 inisse
326 2705 414 2754 sciens
433 2703 591 2755 dissimulat.
662 2706 797 2755 Continuo
821 2711 882 2771 post
904 2698 985 2769 ὅρᾷε;
1005 2698 1155 2771 καταγελᾷς
1178 2704 1260 2770 vulgo

220 2793 336 2853 pergunt
359 2806 413 2853 μου
438 2792 485 2839 καί
510 2784 541 2839 σὺ
567 2784 596 2839 ἕν
619 2785 659 2854 τῷ
676 2790 758 2856 μέρει
783 2798 811 2842 et
832 2793 871 2841 sic
889 2791 969 2842 sTv.
999 2791 1054 2841 Sed
1073 2792 1096 2840 (ί
1115 2791 1198 2842 habet
1214 2794 1261 2840 sat

221 2871 252 2923 σὺ
272 2869 301 2924 ἓν
317 2872 356 2938 τῷ
374 2874 455 2943 μέρει
478 2874 588 2936 (omisso
606 2876 683 2942 μου).
712 2879 765 2928 Ρεο
784 2878 896 2943 vulgata
919 2893 974 2942 μου
991 2880 1038 2927 καὶ
1057 2872 1088 2926 σὺ
1108 2872 1138 2926 έν
1160 2877 1261 2928 lrabeat

220 2977 275 3024 μου
295 2955 347 3011 κᾶν
365 2956 395 3011 ἓν
414 2962 471 3010 ΦΛ
488 2963 586 3014 lemma
604 2963 706 3027 scholii,
730 2980 785 3028 μου
803 2957 856 3013 κᾶν
873 2981 898 3015 s.
927 2965 1053 3014 Ceterum
1072 2981 1119 3028 pro
1142 2980 1197 3027 μου
1214 2967 1262 3012 καλ

223 3064 303 3097 seusu
323 3049 475 3113 postulante
493 3043 584 3115 κάμοῦ
603 3052 706 3099 correxi
725 3049 782 3114 jem
801 3053 828 3099 in
849 3051 901 3112 Qu.
919 3051 987 3100 Luc.
1005 3066 1031 3115 p.
1044 3047 1103 3111 193,
1122 3065 1174 3114 quo
1194 3066 1262 3114 opus

222 3150 281 3184 esse
300 3134 368 3185 {also
386 3142 469 3200 negat
481 3135 613 3186 klotzius.
642 3136 784 3202 Quumque
802 3138 919 3201 μοικαί
940 3131 971 3184 σὺ
990 3136 1100 3201 antiqua
1118 3135 1199 3186 lectio
1218 3138 1262 3195 sit,

221 3221 307 3270 rideri
331 3226 421 3286 potest
444 3222 487 3272 hic
513 3238 619 3288 quoque
643 3224 762 3272 trimeter
786 3222 967 3272 restituendos
994 3239 1069 3286 esse,
1099 3216 1204 3287 ,,ὁρᾷς;
1229 3219 1260 3271 σὺ

221 3301 312 3371 κάμοῦ
337 3300 487 3375 καταγελᾷς
511 3301 540 3357 έν
562 3303 601 3372 τῷ
624 3306 735 3377 μέρει.“
813 3302 845 3358 οὗ
868 3303 1004 3358 τοσοῦτον
1021 3309 1102 3359 ACG.
1126 3304 1263 3358 τοσοῦτον

224 3393 273 3445 cv
294 3400 322 3444 et
339 3411 365 3446 r.
394 3395 521 3445 Ceterum
540 3395 566 3443 Φ
589 3412 731 3462 personam
756 3395 838 3446 habet
860 3400 891 3445 ut
913 3395 994 3460 vulgo
1018 3400 1081 3446 ante
1105 3386 1188 3460 ὃρᾷες
1213 3396 1261 3445 sed

222 3486 283 3545 post
305 3496 359 3544 μου
382 3482 469 3546 posito
491 3487 591 3547 puncto
615 3482 643 3533 id
665 3488 706 3533 est
729 3498 860 3547 personae
886 3483 963 3546 signo
988 3482 1076 3546 pergit
1099 3475 1151 3530 seir
1176 3476 1206 3530 έν
1222 3466 1261 3545 τῷ

222 3566 311 3635 μέρει.
342 3566 471 3617 Similiter
496 3584 530 3617 cx
555 3574 631 3633 parte
658 3568 804 3619 scholiasta
829 3569 947 3633 legerat,
973 3566 1054 3617 MIK.
1080 3561 1142 3617 Κίλν
1168 3562 1197 3616 ε’ν
1221 3564 1260 3631 τῷ

222 3652 304 3721 μέρει
322 3647 354 3702 οὗ
372 3649 508 3703 τοσοῦτον
525 3646 592 3703 taor
609 3679 652 3704 -.
682 3655 793 3720 Corrige
813 3656 892 3717 cuim,
914 3647 976 3704 Κᾶν
994 3647 1023 3705 έν
1039 3649 1077 3717 τῷ
1096 3650 1186 3719 μέρει]
1205 3652 1261 3703 Kal

225 3732 254 3788 is
270 3739 381 3806 μέρους,
403 3743 480 3805 φησὶ,
500 3734 641 3809 καταγελῶ
660 3756 708 3789 σου
728 3739 824 3802 (codex
838 3741 863 3792 V
877 3734 1050 3809 κατεγελίισω
1070 3739 1129 3801 σου)
1148 3742 1194 3788 καλ
1213 3734 1262 3803 οὐχ

224 3824 321 3889 (codex
339 3828 386 3875 καλ
405 3822 449 3889 σὺ)
467 3819 534 3877 ὅσον
551 3820 719 3894 κατεγέλασα
738 3825 787 3891 (ita
800 3828 871 3878 idem
885 3826 982 3889 codex)
995 3822 1201 3892 Κροτωνιατῶν
1214 3828 1261 3873 καὶ

223 3907 279 3961 τεῖιν
297 3906 394 3964 ἄλλων.
423 3914 535 3965 Frustra
549 3913 664 3966 Salanus
680 3931 694 3965 e
710 3914 890 3964 collectaneis
906 3914 982 3964 Galei
1001 3914 1069 3964 lracc
1086 3914 1126 3965 sic
1139 3915 1261 3977 mutavit,

225 4002 301 4065 quasi
319 4000 466 4052 scholiasta
482 4016 537 4051 non
555 4016 632 4051 suum
650 4001 733 4066 ipsius
751 4001 858 4064 lemme,
876 4000 924 4050 sed
937 4000 1074 4066 vulgatam
1089 4000 1209 4066 legisset.

224 4085 431 4151 μεταποντίνων
448 4088 504 4139 AV.
528 4085 721 4151 μεταποντίων
739 4086 765 4135 Φ
783 4091 810 4137 ct
826 4103 852 4137 τ.
875 4088 922 4135 καλ
939 4084 1143 4136 Μεταποντίων
1160 4103 1211 4137 om.
1227 4086 1260 4136 G.

277 4167 481 4239 ἀπολιμπάνοις
504 4172 530 4222 Φ
554 4180 582 4224 ct
605 4190 631 4224 v,
659 4166 862 4238 ἆπολεμποὶνεις
884 4174 931 4224 AO
954 4173 1079 4224 absurde.
1106 4172 1261 4239 Requiritur

227 4261 251 4309 h.
269 4260 287 4310 l.
307 4266 354 4311 aut
371 4261 482 4325 vulgata
500 4266 546 4312 aut
564 4252 758 4325 ἀπελίμπανες.
1321 4250 1325 4255 ”

296 4346 337 4397 tt.
356 4347 433 4397 Nora
450 4364 566 4412 persona
583 4352 646 4399 aute
671 4338 927 4413 taeterrimam
946 4346 978 4397 A.
1050 4338 1262 4411 insimulasset

226 4432 302 4483 A‘l’G
320 4430 385 4493 (nou
405 4432 447 4497 Ο).
474 4427 687 4500 ἆποδησὰμενος
703 4450 729 4485 τ,
799 4431 861 4482 τίνα
878 4450 904 4483 r.
922 4448 984 4482 τινα
1004 4430 1134 4549 wives
1150 4430 1207 4481 AG.
