3046 5166
609 370 660 425 AD
686 370 885 429 LUOIANUM.
1189 373 1269 431 XXV

229 524 287 593 sed
308 523 414 611 potius
436 523 543 590 Tauro
565 523 687 610 similis,
711 542 806 608 quem
828 542 868 590 cx
890 523 995 592 Gellio
1023 524 1134 594 codem
1163 527 1269 614 cogni·

229 654 295 713 tum
317 646 479 713 habemus.
522 644 584 711 Hic
604 644 702 730 igitur
723 646 848 712 Taurus
870 644 990 712 ibidem
1010 647 1035 733 Ι,
1059 649 1079 713 9
1102 667 1186 715 nunc
1208 649 1270 715 sibi

230 767 403 854 discipulos
425 786 496 833 esse
518 765 667 851 queritur,
694 767 750 849 qui
771 772 901 853 repente
928 767 1065 853 pedibus
1089 769 1198 836 inlotis
1227 768 1270 837 ad

229 888 437 976 philosophos
466 887 634 954 derodant
661 907 701 953 ac
729 894 796 954 tem
825 887 947 972 aliquid
975 888 1066 955 addit
1094 889 1179 975 quod
1209 891 1270 957 Lu·

231 1011 323 1077 ciano
345 1029 471 1094 quoquc
493 1009 688 1075 adolescenti
710 1009 867 1077 accidisse
888 1010 1047 1097 suspicor:
1077 1018 1136 1096 ‚est
1164 1012 1271 1098 etiam5

229 1132 346 1217 inquit,
385 1153 444 1218 pro
478 1130 642 1217 luppiter!
687 1130 741 1214 qui
779 1132 946 1201 Platonem
984 1134 1092 1218 legere
1131 1135 1271 1219 postulet
1402 1128 1405 1147 '

230 1254 359 1338 linguae
392 1251 606 1335 orationisque
639 1249 812 1318 comendae
845 1252 967 1337 gratia‘.
1021 1253 1105 1320 Nam
1126 1255 1271 1322 Platonis

231 1374 375 1460 dialogos
397 1373 556 1440 Lucienus
578 1392 642 1439 non
663 1379 729 1439 tam
751 1373 830 1459 legit
852 1394 947 1458 quam
969 1375 1132 1459 lectitavit,
1160 1382 1195 1442 ut
1224 1376 1271 1443 eis

231 1493 375 1580 legendis
397 1515 438 1561 nc
460 1495 570 1561 satiari
592 1495 720 1578 quidem
746 1515 842 1582 posse
869 1495 1045 1562 rideretur:
1079 1516 1175 1581 quam
1203 1516 1271 1563 rem
1356 1524 1359 1541 ¹

231 1624 306 1683 ante
327 1636 386 1683 uos
407 1634 500 1682 nemo
523 1615 648 1683 videtur
675 1623 876 1704 perspectam
908 1616 1067 1704 habuisse,
1100 1618 1162 1684 nisi
1191 1618 1271 1685 forte

231 1739 317 1805 solos
347 1738 388 1804 Τ.
417 1738 684 1805 Hemstcrhnsius.
740 1738 838 1805 Multo
871 1744 977 1806 autem
1010 1745 1092 1826 post,
1126 1758 1222 1823 quum
1252 1758 1272 1805 e

230 1861 355 1927 rbetorc
378 1858 449 1943 jam
478 1859 623 1927 satiricus
652 1860 754 1927 factus
784 1865 877 1946 essct,
905 1859 1017 1927 relicto
1044 1861 1167 1947 (paullo
1197 1866 1272 1928 ante

231 2003 327 2067 quam
345 1981 497 2049 scriberet
513 1957 691 2049 BisAccus.
703 1985 723 2064 ξ
735 1983 793 2068 34)
810 1983 944 2049 Platone
964 1983 998 2048 in
1021 1989 1126 2048 castra
1146 1983 1273 2050 transiit

231 2103 369 2190 Epicuri,
394 2121 487 2186 quem
509 2103 543 2169 in
564 2102 747 2170 Menandro
769 2107 789 2185 ξ
812 2104 854 2168 47
878 2108 910 2170 et
932 2107 952 2185 ξ
976 2105 1017 2169 61
1050 2102 1145 2169 valde
1172 2102 1272 2169 adrni-

231 2231 318 2290 ratur
340 2232 372 2290 ct
392 2226 500 2309 plures
523 2231 648 2291 saturas
670 2224 797 2311 scripsit
824 2223 977 2291 adversus
999 2223 1077 2290 deos
1098 2224 1272 2310 gentilium,

231 2347 266 2412 in
299 2344 412 2430 quibus
445 2344 562 2412 libellis
589 2345 780 2432 Epicureum
814 2345 930 2430 ubique
963 2365 1129 2431 agnoscas.
1179 2344 1273 2424 Quod

184 2544 187 2549 ,
232 2474 338 2533 autem
370 2486 449 2534 snae
480 2466 596 2533 aetafis
624 2466 850 2556 philosophos,
882 2466 1025 2534 homines
1057 2466 1273 2553 superstitioni

233 2588 387 2655 avaritiae
426 2588 632 2672 luxuriaeque
666 2586 790 2656 deditos
822 2589 920 2674 plane
956 2587 1147 2672 denudavit,
1184 2586 1273 2671 justa

232 2708 327 2776 laude
359 2729 423 2775 non
455 2708 652 2776 fraudandus
685 2716 750 2795 est,
787 2730 882 2793 quam
916 2716 947 2776 ct
979 2710 1034 2775 alii
1068 2715 1100 2777 et
1133 2709 1274 2775 lacobus

233 2830 501 2916 (Charaktcristilr
522 2831 661 2897 Luciaus
682 2852 714 2917 p.
728 2831 770 2897 53
783 2832 865 2915 sqq.)
887 2831 918 2897 'ei
939 2830 1096 2916 impertiit.
1127 2828 1273 2896 dearum

232 2952 267 3017 in
288 2970 380 3018 veros
402 2952 526 3018 saevire
546 2951 754 3039 philosophos
775 2951 950 3018 Domitiani
972 2951 1040 3037 fuit,
1063 2949 1104 3016 dc
1126 2970 1187 3035 quo
1211 2950 1273 3016 Ta·
1371 2994 1374 3009 ·

234 3073 315 3138 citus
328 3072 362 3137 iu
372 3071 523 3157 Agricola
537 3094 564 3139 c.
576 3075 596 3140 2
611 3074 692 3141 benc
707 3073 855 3158 queritur,
872 3072 1006 3141 Luciani
1017 3071 1157 3157 nonfuit,
1172 3072 1274 3155 quiet

232 3192 395 3259 literarum
406 3194 452 3279 (in
463 3193 512 3261 his
522 3194 757 3280 philosophiae)
770 3200 802 3260 ct
811 3192 956 3260 modicae
968 3193 1123 3266 libertatis
1134 3213 1273 3261 amorem

234 3333 395 3396 nunquam
416 3312 628 3382 dissimulauit
637 3316 677 3401 ²⁸).
706 3316 806 3381 Immo
820 3315 905 3382 idem
919 3321 1043 3383 veteres
1057 3314 1273 3402 philosophos,

304 3522 330 3593 *)
354 3525 444 3592 Quum
463 3526 530 3581 clim
548 3525 677 3582 Hermiae
694 3526 854 3597 philosophi
872 3525 1019 3582 christiani
1036 3525 1178 3581 libellum:
1197 3526 1273 3590 ,Δια-

236 3611 339 3680 συρμὸσ
355 3611 412 3664 τῶν
430 3607 482 3672 ἔξω
503 3609 674 3680 palocdqov‘
692 3614 830 3683 legissem,
849 3614 929 3683 quasi
941 3613 1057 3668 Luciani
1072 3610 1274 3665 Hermotimum

234 3702 305 3756 mihi
331 3700 461 3771 relegisse
487 3700 563 3755 meus
586 3718 655 3755 sum.
699 3702 773 3754 Ante
799 3700 942 3755 Hermiam
968 3701 1062 3771 patres
1088 3696 1273 3762 ecclesiastici,

235 3789 314 3843 velut
330 3788 456 3843 lustinus
474 3787 520 3853 M„
538 3788 572 3841 de
590 3786 759 3843 Graecorum
776 3786 954 3857 philosophia
971 3783 1197 3841 honorificentius
1213 3799 1274 3839 seu·

236 3876 339 3931 serunt.
366 3875 405 3929 At
422 3874 571 3943 postquam
588 3872 721 3929 haeretici
735 3873 967 3944 philosophorum
985 3887 1147 3942 graccorum
1163 3871 1276 3940 placitis

236 3967 339 4017 temere
355 3962 451 4016 inlatis
469 3961 646 4032 evangelium
663 3963 754 4033 ipsum
772 3959 947 4014 inirmcsrunt
965 3954 1007 4027 (id
1021 3958 1095 4028 qnod
1104 3957 1276 4029 Hippolytus

236 4048 355 4116 scriptor
373 4064 462 4116 nuper
478 4049 607 4119 repertus
624 4044 851 4113 demonstravitt:
869 4046 930 4101 fieri
947 4062 1004 4101 uon
1021 4046 1122 4114 potuit,
1140 4045 1208 4114 quin
1224 4061 1275 4115 pa·

237 4137 294 4187 tres
317 4135 416 4187 contra
439 4133 606 4190 Graecorum
629 4134 837 4206 philosophiam
862 4133 953 4188 acum
978 4132 1160 4203 disputarent.
1204 4131 1275 4186 Vide

238 4218 357 4287 exempli
375 4235 458 4274 musa
474 4220 652 4275 Lactantinm
669 4222 700 4275 in
717 4220 809 4277 lustit.
827 4220 889 4276 Diu.
907 4219 957 4277 lib.
975 4220 1017 4275 III
1038 4221 1103 4274 bobo
1123 4218 1176 4273 hoc
1201 4217 1274 4272 libro

238 4308 267 4361 et
284 4304 403 4360 maxime
420 4322 442 4360 c.
463 4307 476 4359 1
496 4308 526 4361 et
542 4323 564 4360 c
584 4307 625 4363 16.
