3050 5160
699 454 797 507 ειοε.
1190 426 1262 499 197

227 621 306 710 ρίων
327 621 454 711 ταύτην
474 622 536 710 έφη
559 623 642 714 ἔχειν
664 622 774 691 αἰτίαν
794 631 853 691 τοῦ
875 621 925 711 μή
948 632 1146 710 κοινωνῆσαι
1175 625 1264 712 σφίσι

227 734 287 811 τῆς
318 728 463 812 τελετῆς,
501 729 567 807 ὅτι,
604 726 646 796 ἄν
678 754 714 794 τε
746 730 854 814 φαῦλα
886 717 976 817 ήτά
1008 725 1191 815 μυστήρια,
1224 729 1264 796 οὐ

229 830 428 915 σιωπήσεται
449 831 534 917 πρὸς
553 829 632 907 τούς
652 831 792 918 μηδέπω
813 833 1064 919 μεμυημένους,
1089 832 1152 898 ἀλλ’
1177 832 1265 899 άπο-

228 936 340 1021 τρέφει
368 933 489 1010 αὐτοὺς
520 942 587 1003 τῶν
617 933 747 1025 ὀργίων,
780 934 821 1001 άν
850 962 887 1003 τε
915 934 1014 1016 καλά,
1046 942 1150 1003 πᾶσιν
1181 935 1263 1003 αὐτὰ

228 1035 431 1127 ἐξαγορεύσει
458 1037 526 1106 άπὸ
554 1039 814 1126 φιλανθρωπίας.
851 1040 932 1106 ὥστε
958 1037 1036 1116 τούς
1060 1038 1265 1124 Ἀθηναίους

227 1130 293 1227 ήδη
320 1142 436 1218 λίθους
464 1141 513 1209 ἐπ’
543 1140 646 1209 αὐτὸν
675 1146 710 1208 έν
737 1154 813 1210 ταῖν
841 1156 948 1232 χεροῖν
975 1142 1110 1233 ἔχοντας
1138 1140 1266 1229 πράους

229 1244 316 1334 αὐτῷ
346 1248 400 1312 καλ
429 1248 518 1323 ίλεως
546 1247 702 1336 γενέσθαι
732 1244 865 1326 αὐτίκα,
902 1247 957 1313 καί
985 1244 1023 1314 τά
1054 1246 1108 1314 ἀπ’
1140 1247 1265 1315 ἐκείνου

229 1349 431 1437 ἀρξαμένους
451 1358 552 1437 τιμᾶν
573 1350 628 1416 καί
650 1349 818 1417 αἰδεῖσθαι
838 1351 891 1416 καί
911 1348 953 1418 τά
974 1353 1153 1434 τελευταῖα,
1177 1359 1266 1419 θαυ-

228 1453 355 1542 μάζειν.
391 1455 497 1524 καίτοι
526 1453 628 1531 εὐθυς
656 1460 690 1522 έν
714 1454 795 1545 ἀρχῇ
816 1464 880 1523 τῶν
902 1453 986 1542 πρὸς
1015 1455 1135 1532 αὐτοὺς
1162 1454 1265 1546 λόγων

228 1561 405 1649 τραχυτέρῳ
438 1558 594 1650 ἐχρήσατο
627 1565 672 1648 τῷ
705 1559 880 1649 προοιμίῳ.
925 1559 1041 1647 άνιλρες
1072 1559 1151 1650 γάρ,
1188 1559 1262 1646 έφη,

225 1662 420 1750 Ἀθηναῖοι,
452 1669 511 1750 ἐμὲ
538 1667 603 1749 μὲν
626 1662 764 1750 ὁρῶντες
793 1665 1061 1750 ἐστεφανωμένον
1083 1663 1178 1752 ὑμεῖς
1197 1663 1263 1751 ήδη

228 1767 314 1855 κάμὲ
334 1766 563 1835 καταθύσατε·
597 1766 636 1835 τὸ
657 1767 721 1858 γάρ
742 1766 905 1855 πρότερον
927 1767 987 1836 οὐκ
1009 1765 1262 1855 ἐκαλλιερήσατε.

231 1923 239 1938 .
267 1924 275 1939 .
303 1922 311 1938 .
340 1924 347 1938 .
375 1876 425 1940 12.
446 1870 612 1959 βούλομαι
634 1872 671 1939 δέ
694 1872 766 1940 ένια
787 1875 1006 1960 παραθέσθαι
1027 1881 1092 1940 τῶν
1109 1871 1266 1962 εὐστόχως

228 1980 250 2017 ⁴*
271 2002 307 2043 τε
329 1978 401 2063 ἅμα
423 1977 476 2043 καί
498 1975 632 2051 ἀστείως
654 1975 707 2043 ὑπ’
734 1976 838 2044 αὐτοῦ
860 1978 1074 2066 λελεγμένων·
1100 1977 1265 2064 ἄρξασθαι
1282 2000 1330 2053 381

230 2077 265 2146 δὲ
293 2076 360 2146 άπὸ
387 2080 581 2167 Φαβωρίνου
609 2079 709 2147 καλὸν
737 2082 790 2146 καί
821 2075 866 2147 ὧν
894 2080 978 2167 πρὸς
1007 2085 1132 2149 ἐκεῖνον
1160 2079 1261 2147 εἶπεν.

228 2184 300 2250 έπεί
331 2181 394 2273 γάρ
427 2184 445 2250 ὁ
479 2186 668 2271 Φαβωρῖνος
700 2182 844 2261 άκοάοας
875 2183 980 2264 τινὸς,
1017 2184 1059 2260 ὡς
1092 2191 1128 2252 έν
1155 2186 1265 2274 γέλωτι

228 2299 360 2353 ποιοῖτο
381 2286 442 2363 τάς
471 2287 599 2373 ὁμιλίας
628 2287 730 2355 αὐτοῦ
753 2290 807 2354 καί
835 2288 978 2375 μάλιστα
1007 2295 1070 2356 τῶν
1093 2293 1130 2354 έν
1152 2287 1265 2365 αὐταῖς

228 2393 337 2476 μελῶν
357 2390 396 2458 τά
419 2393 690 2479 έποιεκλασμένον
709 2390 836 2479 σφάάρα
859 2391 901 2468 ὡς
923 2391 1055 2481 άγεννές
1076 2391 1130 2457 καλ
1150 2416 1265 2482 γυναι-

228 2508 316 2561 κεῖον
337 2496 391 2561 καί
419 2495 594 2583 φιλοσοφίᾳ
620 2497 738 2581 ήκιστα
767 2497 907 2583 πρέπον,
939 2494 1132 2583 προσελθων
1154 2494 1264 2583 ήρώτα
1313 2574 1317 2583 Δ

228 2597 289 2665 τὸν
311 2596 532 2684 Δημώνακτα,
556 2599 605 2674 τίς
627 2598 670 2665 ὢν
691 2597 835 2689 χλευάζοι
857 2599 897 2667 τά
921 2599 1042 2682 αὐτοῖς
1071 2600 1261 2686 ἄνθρωπος,

228 2700 304 2788 ἔφη,
335 2700 394 2769 οὐκ
416 2699 609 2789 εὐαπάτητα
635 2702 715 2793 ἔχων
736 2702 776 2770 τά
808 2699 884 2772 ὦτα.
932 2705 1119 2793 ἐγκειμένου
1141 2704 1177 2771 δὲ
1204 2713 1265 2771 τοῦ

301 2895 341 2951 12.
377 2889 554 2965 λελεγμένων]
572 2891 729 2966 λεγομένων
746 2899 781 2951 Φ.
853 2892 884 2949 δέ
903 2896 976 2964 (post
985 2891 1138 2964 ἄρξασθαι]
1152 2915 1195 2950 om
1204 2901 1262 2952 ΔΚ.

300 2981 457 3051 φαβσρινοί
477 2993 505 3037 st
521 3003 584 3038 mox
603 2982 758 3053 φαβσρινὸς
770 2987 801 3037 Β.
829 2987 992 3037 Favorinum
1010 2991 1041 3036 ut
1059 2986 1211 3037 ounnohnm
1230 2986 1264 3038 ub

230 3070 415 3137 antiquoque
433 3072 599 3137 philosophis
618 3075 728 3124 inrisum
746 3075 829 3125 fuisse
848 3073 892 3124 vel
911 3089 944 3124 ox
961 3072 1094 3124 Eunucho
1112 3069 1129 3133 ξ
1147 3072 1162 3125 7
1181 3078 1264 3138 putot.

297 3149 404 3223 γέλωτι]
422 3150 578 3225 γέλωτσιΑ.
647 3155 771 3224 ποιοῖτο]
787 3154 889 3210 πσιὸτο
900 3160 932 3210 Τ.
969 3157 1079 3209 ποιεῖτε
1089 3175 1114 3210 ε.
1187 3153 1265 3225 ἀγεν-

229 3238 281 3307 νές]
302 3237 395 3310 άγενές
411 3246 443 3295 Α.
512 3226 574 3297 ’τὸν
590 3241 767 3313 Δημώνακτα
785 3263 828 3297 om
847 3247 869 3296 F
888 3246 969 3300 solus.
1047 3243 1089 3299 τίς
1106 3238 1154 3309 ὢν]
1172 3260 1214 3299 τις
1232 3239 1266 3295 ἂν

229 3331 265 3380 Φ.
345 3325 475 3395 χλευάζοι
492 3334 567 3385 Bon
586 3340 656 3387 εῖτ.
692 3327 819 3397 χλευάζει
841 3334 922 3385 AOF.
1004 3326 1089 3383 αὐτοῦ
1113 3332 1165 3383 nn
1189 3338 1217 3384 et
1238 3348 1264 3382 v.

231 3413 317 3468 αὑτοῦ
335 3421 392 3470 BF.
462 3415 604 3485 Δημῶναξ
620 3421 773 3473 Juuobitins
792 3437 840 3486 pro
858 3412 1008 3486 Δημῶναξ.
1079 3413 1109 3469 ἐκ
1125 3410 1265 3484 παιδείας]

230 3507 269 3557 its
286 3505 402 3572 conjeci.
440 3501 470 3557 έν
486 3501 603 3563 παιδιάς
620 3508 702 3560 ΑΒΚ.
740 3499 887 3561 ἐκπαιόιᾶε
903 3501 1077 3573 (unovorbo)
1095 3507 1131 3558 Φ.
1166 3501 1197 3555 εἰς
1213 3521 1267 3556 παι

300 3585 363 3648 tate
380 3589 453 3660 (oum
471 3593 571 3662 spatio)
590 3596 622 3647 F.
661 3591 691 3646 έκ
707 3588 811 3650 παιδὸς
827 3612 853 3645 v.
880 3601 1022 3660 praeterea
1040 3595 1122 3645 stium
1141 3588 1209 3656 έχων
1226 3595 1266 3644 sio

231 3687 391 3747 transpono:
408 3696 434 3732 τ.
445 3673 470 3732 δ.
481 3697 505 3732 κ.
525 3674 638 3747 έφάδια,
660 3669 841 3749 ιάΔημιίνσξ,
862 3673 1031 3735 έκπαιάείας
1048 3676 1133 3744 ἔχων
1151 3670 1189 3733 εἰς
1206 3672 1264 3746 φιλ.

230 3768 283 3819 hoc
302 3770 371 3818 onim
391 3768 469 3820 dicit:
495 3771 602 3836 ,quibus
624 3772 733 3822 tandem
757 3770 791 3822 sb
810 3770 933 3820 doctrina
955 3767 1097 3833 praesidiis
1119 3769 1265 3818 instructus

230 3854 266 3905 ud
283 3855 479 3921 philosophiam
498 3857 667 3909 udoossistii‘
686 3862 715 3907 ot
730 3857 858 3908 solemnis
867 3856 936 3906 huus
953 3855 1087 3921 obpositio
1106 3861 1160 3906 est:
1180 3844 1265 3906 άπαιὲ

231 3933 328 3993 δευσία
346 3948 374 3994 et
391 3936 547 4010 φιλοσοφία
564 3946 639 3996 utin
656 3944 767 4009 Nigrino
786 3941 801 4005 5
819 3942 853 3994 33
872 3947 900 3993 ot
917 3942 1031 3993 Demon-
1048 3943 1092 3998 28.
1128 3948 1265 3995 caeterum

231 4031 281 4081 viri
299 4031 372 4081 docti
390 4031 549 4096 conjectura
571 4025 601 4081 ιἰι
624 4029 740 4097 Παφίας
761 4046 810 4096 pro
835 4024 865 4079 έκ
888 4022 1005 4084 παιδιάς
1028 4030 1130 4097 aliquid
1153 4032 1266 4082 monstri

231 4117 304 4169 alere
322 4116 437 4169 videtur.
508 4110 547 4172 εἰς
564 4119 696 4169 ΔΒΦΡΚ.
734 4112 762 4171 ές
779 4135 804 4168 v.
875 4112 959 4181 ἥκεις]
977 4117 1081 4169 malim:
1098 4104 1169 4188 ᾖξας
1185 4119 1265 4184 ηΙεοε

231 4206 271 4255 uti
288 4220 370 4269 συρτει
379 4204 431 4255 αέ
449 4207 506 4260 init.
525 4206 670 4257 dictionum
689 4200 716 4259 ές
734 4197 906 4271 φιλοσοφίαν
922 4197 1001 4269 ήκειν
1019 4221 1151 4272 nusquam
1165 4205 1265 4270 legisse

231 4291 334 4343 viduor.
405 4284 505 4359 ὄρχεις]
523 4292 646 4344 similiter
665 4294 847 4358 Vespasianus
865 4308 908 4357 sp.
929 4291 1087 4344 Suetonium
1101 4291 1184 4344 0.13:
1204 4306 1264 4355 ‚ego

231 4386 332 4441 tumen,
349 4380 445 4445 inquit,
464 4382 506 4430 vir
523 4376 601 4430 sum!
