3066 5162
662 438 818 494 aarum
1179 411 1259 511 ι1ολ

222 610 390 699 νιζάμενοι
417 612 471 679 καί
495 611 612 679 δεῖπνα
640 606 892 695 πολυάνθρωπα
914 609 1123 687 δειπνοῦντες
1150 612 1204 678 καλ
1226 613 1263 678 ἐν

224 715 337 792 αὐτοῖς
369 715 508 792 τούτους
547 720 758 790 ἐπαινοῦντες
798 721 955 801 φορτικῶς
993 716 1048 780 καί
1084 716 1169 802 πέρα
1201 726 1260 782 τοῦ

223 823 327 896 καλῶς
359 824 490 910 ἔχοντος
522 816 768 906 ἐμφορούμενοι
797 821 850 885 καί
882 819 1107 906 μεμψίμοιροι
1144 815 1262 906 φαινίν-

222 951 320 1013 μενοι
348 927 401 991 καί
429 926 484 991 ἐπί
510 931 569 1009 τῆς
597 921 723 999 κάλικος
751 923 875 1010 ἀτερπῆ
899 925 953 990 καί
982 921 1100 1010 ἀπῳδά
1127 924 1261 1009 φιλοσο-

222 1036 362 1117 φοῦντες
388 1028 442 1094 καί
470 1025 531 1094 τάν
553 1026 695 1113 ἀκρατον
718 1027 759 1094 οά
781 1029 944 1114 φέροντες.
982 1031 1015 1093 οἱ
1037 1026 1160 1093 ἰδιῶται
1182 1027 1201 1067 *
1225 1026 1262 1094 δὲ
1279 1045 1331 1098 ott

224 1129 344 1200 ὀπόσοι
380 1130 593 1218 ξυμπίνοοσι,
635 1133 749 1220 γελῶσι
788 1129 912 1217 δηλαδὴ
945 1132 999 1197 καί
1037 1126 1263 1198 καταπτάοιισι

221 1235 431 1325 φιλοσοφίας,
458 1239 487 1302 ελ
506 1242 644 1329 τοιαῦτα
665 1233 869 1322 καθάρματα
891 1236 1041 1322 ἐκτρέφει.
1085 1235 1136 1299 35.
1165 1232 1203 1301 τὸ
1226 1233 1263 1300 δὲ

222 1339 358 1409 πάντων
380 1343 557 1430 αἴσχιστον,
590 1341 639 1406 ὅτι
667 1338 813 1426 μηδενὸς
844 1338 975 1406 δεῖσθαι
1001 1341 1102 1429 λέγων
1128 1346 1262 1414 ἕκαστος

222 1444 341 1526 αὐτῶν,
367 1442 446 1511 ἀλλά
467 1441 576 1531 μόνον
598 1443 760 1511 πλούσιον
783 1443 865 1510 εἶναι
887 1442 947 1511 τὸν
962 1441 1068 1529 σοφδν
1088 1440 1258 1531 κοκροιγάς,

220 1548 338 1638 μικρὸν
360 1550 498 1636 ὕστερον
520 1553 605 1615 αἰτεῖ
631 1548 825 1636 προσελθών
858 1550 910 1615 καί
934 1547 1112 1638 ἀγανακτεῖ
1131 1544 1181 1633 μὴ
1204 1549 1263 1612 λα-

220 1652 301 1741 βὼν,
333 1654 451 1739 ὅμοιον
475 1651 517 1728 ὡς
539 1656 571 1720 εἴ
593 1679 643 1728 τις
665 1659 701 1719 ἐν
721 1653 872 1741 βασιλικῷ
896 1650 1037 1742 σχήματι
1060 1649 1168 1738 ὀρθάν
1189 1647 1262 1716 τιά-

222 1783 285 1845 ραν
313 1761 392 1846 ἰγων
420 1758 474 1823 καί
502 1754 650 1843 διάδημα
679 1759 732 1823 καί
761 1757 861 1823 τάλλα
892 1758 954 1824 ὅσα
983 1756 1149 1844 βασιλείας
1176 1779 1262 1843 γνω-

222 1861 365 1948 ρίσματα
396 1861 591 1947 προσαιτοίη
622 1868 687 1928 τῶν
709 1860 953 1948 ὑποδεεστέρων
974 1857 1142 1947 δεόμενος.
1180 1860 1262 1926 ὅταν

220 1969 286 2052 μὲν
308 1960 367 2031 οὖν
395 1964 516 2040 αὐτούς
543 1990 576 2031 τι
605 1965 662 2052 δίῃ
688 1963 882 2052 λαμβάνειν,
914 1963 1018 2040 πολάς
1048 1963 1066 2031 ὁ
1096 1964 1171 2051 περί
1200 1967 1262 2030 τοῦ

221 2067 410 2136 κοινωνικόν
432 2068 514 2135 εἶναι
543 2068 611 2136 δεῖν
631 2067 727 2157 λόγος
755 2069 809 2134 καί
838 2068 881 2144 ὡς
909 2066 1092 2155 ἀδιάφορον
1116 2066 1134 2133 ὃ
1157 2069 1261 2135 πλοῦ-

220 2199 277 2249 τος
298 2174 364 2253 καί,
393 2173 427 2240 τί
445 2171 508 2262 γάρ
530 2171 568 2239 τά
596 2172 726 2262 χρυσίον
748 2171 771 2257 ἢ
792 2170 987 2261 τάργάριονς
1018 2170 1115 2238 οὐδὲν
1136 2179 1201 2238 τῶν
1224 2176 1257 2237 ἐν

291 2369 334 2422 35.
372 2361 630 2436 αι’τεῖπροσελθιίιν
647 2370 767 2420 ABii‘ot
784 2385 810 2418 v.
846 2361 1016 2434 προσελθὼν
1040 2359 1114 2418 αι’τεῖ
1131 2367 1194 2417 ΦΜ.
1232 2373 1261 2418 ut

223 2454 423 2523 (praeterquam
442 2457 515 2522 quod
532 2472 594 2508 mox
617 2457 677 2507 libri
701 2473 793 2508 omnes
817 2447 880 2526 αἰτῇ
897 2448 1067 2521 προσελθών
1091 2454 1260 2516 continuant)

222 2549 320 2608 poetae
347 2544 391 2593 hic
415 2559 473 2595 osso
498 2544 620 2594 sonorius
644 2543 762 2593 videtur:
790 2535 888 2602 ,,αι“τε’ί
908 2534 1078 2608 προσελθὼν
1094 2536 1263 2609 κάγανακτεῖ

221 2625 259 2694 μὴ
280 2623 405 2695 λαβιάν.“
432 2629 588 2695 Telepho
607 2630 743 2695 Euripidis
754 2630 911 2695 tragoediae
930 2646 984 2679 non
1003 2631 1089 2680 solum
1106 2628 1150 2680 hio
1168 2630 1258 2680 trime·

222 2721 273 2779 ter,
291 2732 383 2767 verum
403 2718 483 2767 etism
502 2719 668 2781 comparatio
686 2718 759 2783 ipsu:
780 2711 880 2782 ὅμοιον
898 2711 975 2770 ιίιι-
988 2708 1259 2781 δεόμενοιροοάοω·

221 2802 301 2854 ισοάο
326 2804 460 2854 convenit.
503 2805 530 2853 in
554 2805 635 2853 Ennii
658 2806 685 2867 (i.
711 2821 734 2855 ε.
759 2800 904 2869 Euripidis)
930 2802 1052 2867 Telepho
1076 2819 1119 2868 sp.
1143 2802 1259 2853 Nonium

223 2886 283 2950 53⁷,
301 2888 335 2943 25
354 2904 401 2939 ron
419 2891 476 2954 ipse
495 2890 647 2955 Telephus:
673 2905 808 2955 „rognum
827 2890 940 2956 reliqui,
958 2891 1055 2955 inquit,
1073 2892 1166 2953 septus
1184 2904 1258 2939 mon-

222 2975 277 3025 dici
294 2972 392 3025 stoiu.“
462 2967 559 3041 τάλλα]
578 2971 614 3025 τά
634 2968 703 3025 ἀλλα
720 2976 829 3026 ΔΒΨΦ.
906 2973 1075 3041 προσαιτοίη
1094 2969 1152 3023 τῶν
1169 2975 1214 3024 AB
1233 2979 1260 3025 ot

221 3076 247 3113 v.
283 3059 436 3126 προοαίτηι
454 3055 493 3112 α’ίν
511 3061 641 3127 φαίνοιτο
660 3057 781 3112 καὶτῶν
799 3062 863 3113 ΦΜ.
900 3061 1054 3128 προοαίτηι
1072 3054 1111 3111 άίν
1129 3058 1258 3127 φαίνοιτο

223 3148 303 3198 etism
330 3147 363 3206 Ψ,
391 3147 554 3214 glossemate
582 3149 654 3201 hund
681 3149 772 3201 dnbio.
854 3143 953 3203 σάτοάι
979 3164 1008 3198 τι
1035 3140 1083 3216 δίῃ
1108 3141 1261 3213 λαμβάνειν

222 3233 304 3285 Attii.
341 3226 438 3298 λαβεῖν
460 3228 559 3289 αὐτοὺς
583 3226 631 3305 δέῃ
659 3233 711 3298 [om
729 3231 768 3300 τι)
787 3235 851 3285 ΦΜ.
931 3230 951 3300 ἢ
971 3228 1124 3301 τάργύριον
1142 3233 1168 3282 Φ
1187 3240 1214 3284 st
1232 3249 1257 3282 τ.

222 3313 242 3383 ἢ
260 3313 395 3386 ἀργύριον
413 3322 496 3372 ΔΒΨ.
568 3314 703 3388 ψηφίδων
721 3323 743 3372 Α
762 3327 789 3373 st
806 3339 832 3373 v.
864 3316 970 3388 ψήφων
987 3320 1127 3372 scm.
1165 3320 1260 3372 eodem

221 3407 338 3458 varietus
361 3408 388 3457 in
412 3407 473 3459 looo
497 3408 613 3473 gemello
637 3409 743 3461 Timon.
770 3426 795 3459 σ.
816 3407 858 3460 56.
939 3402 994 3457 ἀπὸ
1012 3400 1125 3457 πολλάν
1143 3406 1169 3456 Φ
1187 3412 1215 3458 ot
1233 3422 1258 3459 v.

224 3486 279 3542 ἀπὸ
298 3486 398 3560 ὀλίγων
415 3497 447 3545 Δ.
486 3489 530 3545 ἀπ’
557 3488 656 3562 ὀλίγων
680 3489 762 3545 Bet<
798 3494 899 3545 videsis
926 3495 1049 3556 Quaestt.
1073 3510 1098 3560 p.
1125 3493 1185 3545 146.

224 3576 324 3644 σιωπὴ]
344 3577 434 3646 σιωπῆ
453 3586 485 3631 Α.
525 3578 615 3646 σιωπὴ
641 3584 688 3632 καί
710 3575 781 3647 μάνη
810 3582 842 3639 Ψ,
871 3581 943 3632 undo
966 3582 1069 3647 possis:
1097 3574 1186 3644 σιωπὴ
1213 3580 1260 3628 καί

222 3663 294 3733 μονὴ
321 3668 465 3731 [silentium
492 3674 520 3719 ot
551 3664 645 3730 moro).
741 3661 862 3732 ἀμαθία]
897 3662 1010 3718 άπαθία
1040 3666 1259 3718 Hsmstorhusius

223 3755 343 3806 Aneodd.
354 3771 381 3821 p.
394 3754 459 3818 (55),
477 3754 768 3820 probantoDindorfio.
790 3771 841 3821 ogo
859 3757 952 3805 vitium
971 3754 1025 3806 loci
1043 3754 1094 3803 huo
1108 3753 1259 3803 ornaverim

223 3844 446 3908 transpositione:
466 3844 512 3891 καί
531 3836 642 3907 ἀμαθία
659 3838 717 3892 τῶν
734 3835 823 3909 λόγων
841 3844 867 3905 ti.
879 3858 903 3892 ο.
914 3841 1100 3906 philosophiae
1115 3839 1259 3905 ignoratio)

223 3932 270 3979 uui
287 3921 443 3993 παλινῳδία
460 3925 582 3997 πρὸε-.
654 3924 711 3978 τάν
720 3921 817 3997 λόγων]
833 3925 890 3979 τῶν
900 3920 1047 3995 δογμάτων
1056 3926 1119 3977 ΦΜ.
1189 3920 1261 3991 πρὸς

223 4013 255 4066 τὸ
275 4011 504 4083 ε’ναντίον]τὸοω
515 4017 569 4067 ΑΒ.
639 4018 706 4082 περὶ
724 4010 825 4081 φιλίαι]
835 4018 902 4081 περὶ
912 4007 1127 4081 φιλοσοφίαςΨ.
1191 4005 1258 4079 τίδ’]

225 4094 290 4152 σοι
309 4103 396 4154 σφα.
477 4086 546 4153 troi
566 4103 778 4155 ruoruruv.
816 4095 870 4167 ὅπη
896 4102 923 4151 ο
944 4108 1013 4153 etv.
1091 4095 1155 4151 rou
1174 4101 1256 4152 rur.

223 4187 292 4240 ποτά
319 4191 397 4240 ΑΒΨ
418 4195 446 4241 et
469 4206 494 4238 v.
532 4191 580 4241 sed
604 4207 647 4241 om
671 4189 758 4241 (ἶΦΜ.
843 4184 935 4240 πάντα
960 4185 1048 4239 ταῦτα
1075 4182 1259 4252 ἀποπτάμενα

223 4277 411 4328 ΑΒΟΨΜῐΝ.
446 4271 556 4332 πάιτωι
580 4273 668 4327 ταῦτα
697 4270 882 4342 ἀποπτάμενα
906 4277 983 4328 abed.
1018 4270 1107 4326 ταῦτα
1131 4268 1257 4325 ἀποπτά·

223 4379 295 4429 μενα
311 4356 405 4415 πάντα
422 4365 458 4417 Φ.
