3086 5154
1233 411 1274 467 Xl

232 595 392 682 blenippo
423 595 490 662 sive
520 594 761 679 Neeyomantia‘
791 595 891 662 tribus
920 616 980 681 ogo
1008 595 1170 662 codicibus
1199 617 1275 664 usus

233 737 302 782 sum
323 716 459 801 primunr
482 716 660 800 Augustani
687 715 781 802 primi
810 716 875 801 (Ο),
910 717 964 800 qui
992 717 1034 782 ab
1061 718 1134 784 aliis
1162 738 1274 804 pamm

233 844 381 903 accurate
402 837 565 922 inspectus
595 845 672 920 erat,
703 837 823 922 optima
852 837 1022 903 collatione
1048 838 1085 902 L.
1114 838 1274 924 Spengeli,

234 955 350 1023 deinde
372 957 555 1023 Florentino
577 978 648 1023 meo
671 957 741 1043 (Φ),
763 963 922 1042 postremo
944 957 1097 1024 Marciani
1119 960 1185 1023 434
1207 957 1272 1043 (Ω)

234 1077 403 1144 collatione
424 1100 476 1164 ap.
488 1076 788 1144 Sommerbrodtium
810 1076 923 1162 (Oudd.
943 1078 1038 1144 Marc.
1060 1099 1092 1163 p.
1119 1080 1158 1142 14
1180 1080 1273 1161 sqq).

233 1198 316 1264 Ante
326 1220 385 1265 nos
398 1198 573 1265 Jacobitius
584 1198 860 1264 Vindobonensem
875 1196 928 1282 (Β)
948 1205 980 1263 et
993 1197 1275 1284 Guelferbytanum

240 1318 413 1384 secundum
436 1319 494 1405 (G)
518 1321 657 1386 contulit.
701 1319 765 1385 Sed
783 1319 853 1402 jam
875 1324 972 1384 antea
992 1319 1122 1385 Belinus
1144 1326 1277 1402 quatuor

240 1440 510 1506 librosParisinos
532 1442 715 1525 contulerat,
738 1440 891 1526 optimum
912 1440 966 1523 qui
990 1446 1170 1505 numeratur
1191 1442 1275 1506 2957

242 1559 309 1645 (N),
338 1561 392 1643 qui
422 1564 504 1626 3011
535 1561 567 1626 in
597 1561 657 1627 boc
686 1548 813 1646 dialogo
836 1561 885 1626 sui
914 1560 1100 1627 dissimilem
1129 1561 1193 1646 (C),
1223 1561 1277 1643 qui

236 1680 322 1745 2954
351 1681 410 1767 (Μ)
439 1690 471 1746 et
510 1682 563 1765 qui
596 1684 678 1748 1428
708 1683 803 1748 facile
845 1682 1047 1747 deterrimum
1074 1680 1138 1767 (L).
1193 1681 1275 1747 Ante

235 1801 380 1867 Belinum
403 1809 435 1867 et
452 1801 522 1886 jam
543 1809 618 1869 aute
640 1802 911 1869 Hemsterhusium
932 1804 965 1868 bi
987 1801 1114 1869 codices
1135 1803 1269 1888 inspecti

234 1929 332 2006 erant,
356 1921 456 1988 codex
477 1923 596 1990 Graeci
620 1925 685 2010 (V),
707 1925 779 1989 Poll
803 1924 869 2010 (Τ),
890 1924 1026 2009 Longoli
1047 1930 1197 2008 excerpta
1207 1924 1265 2010 (U)

88 2048 91 2053 ⁴
172 2033 176 2042 ’
233 2063 343 2128 margo
378 2040 450 2108 illd,
486 2044 553 2128 (Υ),
587 2043 744 2111 interdum
774 2045 869 2110 etiarn
901 2043 1053 2129 Anglicus
1084 2043 1267 2110 Bourdeloti

234 2162 287 2247 (R)
312 2172 343 2228 et
366 2162 509 2246 ejusdem
530 2164 730 2231 Florentinus
752 2164 804 2249 (Z)
829 2185 899 2229 cum
922 2164 1035 2230 Galaci
1058 2165 1271 2231 conlectaneis

237 2283 306 2369 (X).
351 2283 436 2368 Ergo
458 2284 563 2351 adhuc
585 2286 707 2350 bilibri
728 2285 864 2370 inspecti
887 2292 960 2350 sunt
976 2304 1107 2351 numero
1123 2283 1276 2350 sedecim:

234 2402 726 2473 Boeuennnnuvunzxn.
786 2406 824 2470 In
865 2410 955 2470 tanta
995 2403 1140 2471 codicum
1173 2406 1276 2477 multi-

235 2522 344 2589 tudine
381 2530 487 2592 tamen
521 2526 668 2593 Vaticani
704 2524 765 2611 (Γ)
800 2525 1011 2591 conlationem
1050 2545 1276 2610 nonnunquam

237 2642 426 2731 desideravi,
456 2645 540 2712 unde
569 2646 811 2713 scribendumue
839 2652 923 2712 esset
952 2665 978 2712 c.
1001 2647 1043 2711 21
1065 2646 1133 2711 init.
1163 2646 1276 2713 ὅντινα

207 2784 275 2837 ,ιω
306 2762 407 2830 ποῖόν
434 2790 508 2831 τινα
538 2774 570 2833 et
599 2767 715 2833 similia
742 2764 905 2833 discerem.
957 2766 1093 2833 Omnino
1115 2774 1221 2833 autern
1243 2767 1276 2832 in

240 2883 390 2970 Menippo
413 2886 523 2973 optimi
553 2886 625 2952 libri
654 2894 726 2954 sunt
746 2886 833 2954 BON
860 2894 892 2953 et
920 2907 1018 2973 saepe
1039 2887 1078 2972 G,
1101 2886 1159 2952 sed
1179 2886 1275 2952 iidem

235 3010 271 3069 ut
293 3024 390 3091 supra
412 3005 530 3073 dictum
560 3015 616 3091 cst,
644 3008 751 3073 multis
779 3007 925 3074 laborant
946 3007 1113 3074 verborum
1134 3008 1275 3074 omissio·

148 3212 153 3217 Ι
237 3125 339 3210 nibus,
369 3147 451 3210 quae
478 3128 576 3195 verba
606 3148 645 3194 ex
674 3129 746 3194 aliis
776 3127 867 3193 codd.
890 3129 1068 3194 necessario
1097 3128 1275 3214 supplenda

235 3253 316 3313 sunt.
379 3248 436 3314 Est
467 3269 543 3315 vero
578 3249 689 3334 ctiam,
722 3248 777 3315 ubi
809 3248 909 3315 lblsae
941 3249 1093 3314 lectiones
1125 3249 1274 3315 librorum

235 3366 351 3433 BONG
387 3376 581 3435 caeterorum
618 3369 763 3436 codicum
792 3370 954 3456 scripturis
987 3368 1100 3436 cedere
1131 3369 1275 3437 debeant.

233 3488 379 3571 Denique
401 3495 458 3573 est,
482 3490 536 3555 ubi
558 3511 667 3556 omnes
694 3490 737 3556 ad
759 3511 854 3556 unum
884 3491 955 3557 libri
978 3491 1030 3557 vel
1052 3492 1192 3577 corrupti
1213 3492 1277 3559 sint

234 3609 286 3675 vel
315 3609 506 3695 interpolati.
559 3611 704 3677 Ceterum
740 3632 779 3676 ex
809 3611 936 3677 bomine
962 3611 1140 3697 Byzantino
1170 3619 1201 3677 et
1237 3633 1275 3679 eo

234 3730 329 3813 bujus
363 3730 614 3816 Necyomantiae
653 3732 819 3816 imitatore,
837 3820 840 3825 ,
860 3732 913 3815 qui
954 3731 1116 3817 dialogum
1148 3733 1274 3799 nomine

240 3850 409 3935 Τιμαρίων
426 3852 552 3937 scripsit
569 3852 655 3939 apud
674 3852 708 3918 O.
727 3853 764 3917 Β.
786 3853 918 3918 Hasium
929 3852 1073 3940 (Notices
1089 3859 1121 3919 et
1135 3853 1274 3921 Extraits

234 3973 296 4037 vol.
319 3972 368 4037 IX
398 3995 429 4059 p.
462 3974 525 4040 164
552 3976 634 4058 sqq.)
664 3973 707 4040 ad
735 3974 866 4040 Luciani
887 3973 1141 4060 Necyomantian
1168 3995 1272 4041 emen·

234 4091 373 4158 dandam
406 4095 503 4179 plane
538 4096 642 4162 nullus
674 4095 792 4161 fructus
827 4094 992 4161 redundat.
1052 4095 1208 4181 Sequitur,
1240 4104 1274 4163 ut
