3050 5160
607 492 816 548 nunccios.
1154 470 1227 542 241

194 658 494 729 ἀντικαθίστασθαι
517 661 764 750 δοκιμασθέντα
786 664 886 756 ψήφῳ
907 676 974 738 τῶν
997 668 1146 757 ἀρίστων.
1176 675 1231 741 καὶ

98 819 101 824 .
193 760 234 827 τὰ
269 759 358 831 ἆθλα
397 766 438 834 οὐ
474 769 567 854 βοείη
601 796 650 845 τις
687 766 731 856 ἦν
764 769 846 838 κατὰ
887 772 947 842 τὸν
978 774 1122 863 ποιητήν
1156 778 1227 845 οὐδ’

195 865 334 953 ἱερήϊον,
367 869 445 937 ἀλλὰ
475 871 591 960 μύριαι
620 874 686 942 κατ’
718 875 885 957 ἐνιαυτὸν,
918 880 964 967 ἐφ’
996 875 1056 969 ᾧτε
1086 897 1232 951 onustans

192 986 261 1048 τοῖς
283 976 379 1052 νέοις.
427 976 586 1044 ΠΑΜΦ.
624 978 697 1046 olda
719 988 843 1048 ταῦτα·
876 984 931 1050 καί
950 1009 1024 1052 τινα
1047 987 1148 1073 φασὶν
1170 987 1231 1056 αὐ-

191 1086 259 1145 τῶν
288 1083 420 1170 ἔναγχος
450 1080 655 1162 ἀποθανεῖν,
690 1094 757 1153 τῶν
784 1090 804 1129 ⁴*
834 1087 1107 1175 Περιπατητικῶν
1136 1091 1232 1179 οἶμαι
1248 1101 1299 1155 353

192 1179 253 1249 τὰν
274 1191 395 1270 ἕτερον.
438 1187 552 1254 ΛΥΚ.
586 1190 682 1275 αὕτη,
715 1186 931 1278 ὦΠάμφιλο,
962 1191 1019 1278 [ἦν
1041 1194 1230 1282 melscada?

192 1360 291 1411 Antou.
311 1361 387 1415 Pium
407 1380 431 1414 c.
454 1363 483 1416 11
504 1371 578 1419 recte
603 1370 709 1420 ridetur
728 1368 891 1420 dissolvisse.
929 1371 962 1422 de
982 1373 1040 1436 ipsa
1064 1378 1153 1424 autem
1172 1374 1231 1440 phi·

193 1444 365 1511 losophornm
385 1452 528 1504 atticorum
554 1455 703 1518 electione,
731 1472 811 1523 quam
838 1458 918 1507 etiam
943 1458 1054 1509 aliorum
1077 1462 1233 1512 testimonia

192 1534 351 1598 scriptorum
370 1544 401 1588 ut
419 1538 515 1590 Geloni
533 1541 569 1591 1v
589 1558 615 1608 p.
636 1542 670 1595 21
689 1542 782 1594 Chart.
806 1548 944 1608 spectant,
972 1545 1016 1595 hic
1041 1548 1106 1597 satis
1124 1546 1230 1598 habebo

192 1623 296 1670 tantum
315 1623 454 1689 adtulisse,
474 1634 602 1693 putantum
622 1630 657 1680 ad
674 1631 788 1680 Luciani
805 1629 966 1682 Eunuchum
985 1632 1138 1696 pertinebit.
1176 1635 1229 1684 Lu·

193 1706 287 1758 cianus
312 1711 396 1775 igitur
421 1711 575 1776 tt-tt
602 1716 777 1782 philosophos
805 1716 883 1778 dicit,
912 1719 957 1783 qui
983 1719 1091 1783 publico
1118 1720 1231 1770 Athenis

194 1791 299 1844 docturi
308 1808 408 1849 esseut
425 1801 475 1851 rite
495 1802 894 1868 explorandosprobandosqne
913 1809 941 1855 et
954 1803 1077 1869 judicum
1096 1806 1232 1872 suffragiis

193 1877 334 1943 eligendos
353 1886 444 1937 fuisse.
481 1904 541 1939 cum
559 1890 680 1941 Lucieno
700 1890 747 1940 alii
765 1892 910 1955 scriptores
930 1895 1116 1957 consentiunt,
1139 1894 1230 1944 Euna-

192 1967 253 2029 pius
272 1970 298 2018 in
316 1970 475 2024 Proseresio
494 1974 526 2025 Τ.
546 1973 557 2026 1
576 1992 602 2041 p.
623 1974 656 2029 79
675 1977 718 2027 ed.
737 1977 861 2028 Boisson.
886 1983 914 2028 et
937 1980 1088 2046 complures
1112 1980 1231 2045 impera·

193 2059 266 2104 tores
283 2057 311 2106 in
328 2057 429 2110 Justin.
450 2061 517 2113 Cod.
537 2062 597 2113 Lib.
616 2064 639 2113 x
658 2064 691 2113 Τ.
713 2063 746 2116 52
768 2064 814 2121 ‚de
832 2064 1031 2129 professoribus
1053 2072 1081 2118 ct
1097 2068 1232 2130 medicis‘,

192 2142 238 2192 nbi
258 2149 287 2194 et
302 2145 369 2211 Imp.
390 2148 542 2201 Gordianus
569 2156 690 2201 oratores
713 2150 823 2200 decreto
847 2152 948 2201 ordinis
972 2154 1115 2217 probatos,
1140 2156 1163 2204 si
1187 2171 1231 2205 res

192 2222 278 2292 leret,
303 2233 451 2286 abeodem
471 2238 564 2288 ordine
592 2238 681 2288 denuc
700 2237 839 2301 reprobari
862 2254 957 2303 posse,
986 2241 1152 2305 incognitum
1171 2257 1230 2292 esse

165 2318 171 2325 “
192 2324 287 2382 negat,
314 2324 341 2370 ot
357 2321 424 2386 lmp.
441 2322 569 2374 Julianus
594 2325 719 2376 doctores
739 2323 845 2388 judicio
870 2324 971 2374 ordinis
994 2326 1148 2390 probandos
1170 2343 1230 2378 esse

193 2403 259 2455 dioit
277 2408 436 2471 optimorum
460 2413 632 2477 conspirante
657 2426 800 2460 consensu.
838 2425 991 2475 quanquam
1016 2416 1043 2462 et
1060 2412 1231 2463 Theodotum

193 2490 327 2543 rhetorem
350 2494 458 2546 hlarous
482 2498 628 2561 imperator
650 2499 709 2564 ipse
733 2497 816 2561 elegit
840 2501 952 2547 auctore
978 2498 1140 2550 Philostrato
1158 2499 1195 2561 11,
1214 2499 1231 2553 2

192 2593 219 2641 p.
239 2578 299 2641 557,
319 2586 347 2633 et
364 2581 466 2633 lulium
484 2583 624 2634 Pollucem
643 2583 731 2648 (cujus
750 2583 944 2634 Onomastioon
962 2585 990 2634 in
1009 2586 1126 2635 omnium
1145 2586 1229 2636 mani-

192 2662 243 2713 bus
261 2663 313 2727 est)
332 2667 366 2718 ab
378 2669 526 2721 Commodo
544 2672 707 2737 imperatore
725 2671 784 2736 ipso
803 2676 960 2736 suggestum
975 2671 1137 2721 rhetoricum
1148 2671 1229 2722 sthe-

192 2752 234 2800 nis
251 2752 409 2817 impetrasse
426 2756 497 2806 idem
516 2756 694 2809 Philostratus
714 2757 795 2808 docet
811 2756 849 2815 11,
871 2755 968 2819 taum,
987 2762 1015 2807 et
1031 2757 1178 2808 Philiscum
1196 2758 1230 2808 ab

191 2834 266 2888 Julia
282 2854 332 2903 per
350 2840 539 2906 imperatorem
557 2845 721 2895 Antoninum
741 2843 912 2895 Caracallum
938 2844 1054 2895 rhetoris
1072 2843 1229 2908 dignitatem

193 2922 304 2975 Athenis
322 2929 462 2992 accepisse
481 2946 513 2980 ex
533 2931 628 2982 eodem
647 2930 811 2982 Philostrato
829 2928 863 2990 11,
883 2928 916 2982 30
933 2946 960 2995 p.
972 2929 1147 2983 ttlconstat.
1178 2945 1231 2996 qua

194 3007 227 3058 dc
250 3025 333 3062 causa
351 3012 529 3067 Athenienses
546 3017 681 3068 interdum
699 3018 734 3069 ad
758 3019 946 3083 imperatorem
970 3017 1077 3081 legatos
1101 3017 1232 3067 miseruut

193 3098 262 3145 testo
280 3097 444 3151 Philostrato
463 3102 498 3164 11,
517 3100 548 3154 11
567 3119 594 3168 p.
615 3103 674 3156 out.
710 3104 783 3169 quid,
809 3102 880 3169 quod
898 3103 1005 3153 Libanii
1027 3103 1116 3154 adhuc
1140 3108 1231 3154 aetate

193 3182 306 3246 accidit,
331 3191 361 3235 nt
378 3189 423 3252 qui
442 3188 534 3239 rhetor
551 3189 657 3240 futurus
676 3195 763 3252 essct,
788 3205 850 3240 euru
868 3191 1015 3255 imperator
1037 3191 1095 3255 ipae
1113 3191 1232 3240 mitteret

193 3271 309 3320 testante
327 3271 441 3323 Libauio
459 3275 487 3324 in
506 3275 569 3326 Vita
586 3292 636 3326 sua
653 3277 666 3326 1
684 3292 711 3339 p.
720 3276 754 3328 27
770 3276 867 3327 Reisk:
885 3276 954 3327 adeo
973 3276 1078 3341 legatos
1098 3293 1131 3327 ea
1149 3277 1182 3328 dc
1201 3292 1230 3326 re

193 3353 228 3404 ad
245 3357 433 3420 imperatorem
456 3361 553 3411 missos
577 3377 636 3412 caso
661 3361 792 3411 videmus.
828 3363 993 3427 coaequis
1015 3362 1089 3413 dicat
1107 3362 1231 3414 omnibns

194 3442 240 3505 qui
258 3444 341 3495 adlati
359 3450 421 3496 snut
438 3446 506 3498 locis
524 3443 574 3499 τὸν
590 3441 700 3513 θρόνον
717 3449 894 3512 imperatores
911 3451 986 3514 ipsos
1004 3449 1121 3512 dedisse,
1143 3449 1171 3499 id
1191 3454 1232 3499 eat

193 3526 309 3580 rhetoris
331 3530 490 3597 dignitatem
511 3550 565 3585 uon
589 3534 756 3601 philosophi:
783 3535 827 3585 vel
851 3535 922 3586 hreno
949 3551 1019 3601 quae
1046 3537 1075 3585 iu
1097 3536 1230 3587 Eunucho

193 3617 325 3666 tractatur
342 3619 512 3683 peripatetici
536 3636 645 3672 oausam
665 3620 789 3685 judicum
811 3623 951 3672 sententiis
973 3626 1109 3687 postremo
1128 3621 1163 3672 ad
1180 3622 1229 3669 im·

193 3707 345 3767 peratorem
364 3703 492 3769 rejectam
512 3721 572 3757 esse
591 3723 606 3758 e
623 3709 738 3760 Luciani
762 3708 851 3758 verbis
869 3706 885 3770 ἦ
905 3706 938 3761 12
954 3707 1000 3758 fin.
1037 3712 1111 3758 certo
1131 3706 1228 3757 elucet.

194 3792 367 3856 quamobrem
386 3793 413 3842 in
432 3794 587 3844 universnm
604 3794 656 3846 hoc
674 3784 774 3855 manet,
791 3793 967 3859 philosophos
981 3792 1092 3844 Athenis
1106 3791 1228 3857 judicum

194 3880 304 3931 decreto
323 3878 463 3943 eligendos
480 3878 572 3930 tuisse.
610 3895 672 3932 nam
697 3880 769 3947 quod
786 3879 966 3931 Philostratus
989 3880 1022 3931 de
1045 3879 1086 3930 his
1109 3878 1228 3946 philoso-

192 3966 253 4030 phis
270 3968 309 4017 ita
325 3965 447 4031 loquitur
463 3965 499 4029 11,
518 3965 535 4017 2
553 3982 579 4031 p.
601 3965 665 4018 bid:
689 3958 862 4034 προσέταξεν
880 3959 1002 4027 (αὐτοὺς)
1024 3959 1038 4015 d
1057 3959 1174 4034 Μάρκος
1188 3961 1228 4029 τῷ

188 4043 301 4122 Ἡρώδῃ
320 4049 423 4119 κρῖναι,
443 4052 471 4103 id
484 4051 542 4116 jam
561 4051 608 4104 alii
624 4058 699 4104 recte
709 4054 877 4119 interpretati
887 4057 957 4115 sunt,
971 4052 1107 4103 Herodem
1118 4054 1229 4104 atticum

189 4139 295 4204 jndicio
312 4139 353 4189 illi
369 4138 533 4204 praefuisse,
562 4155 617 4190 nou
635 4155 716 4191 unam
739 4147 805 4191 tuno
819 4138 968 4204 judicasse.
1003 4153 1069 4190 sane
1087 4137 1156 4189 haec
1173 4138 1229 4188 Ln-

195 4226 265 4276 oiani
288 4226 316 4276 iu
342 4225 474 4276 Eunucho
498 4223 514 4285 1
538 4224 569 4277 22
594 4216 723 4276 δικασταὶ
744 4220 984 4294 ψηφοφοροῦντες
1000 4252 1035 4262 -
1050 4215 1172 4296 ᾐδέσθη,
1201 4226 1229 4274 in

194 4310 330 4363 Herodem
348 4313 474 4375 atticum,
502 4312 549 4376 qui
572 4313 645 4362 circa
667 4328 767 4364 annum
786 4312 836 4365 177
854 4312 964 4378 grandis
982 4326 1066 4362 senex
1083 4312 1165 4362 tuerit
1181 4325 1229 4359 ne·

194 4412 272 4448 cesse
291 4401 345 4457 est,
374 4398 495 4463 apprime
514 4396 611 4448 cadere
629 4398 763 4449 ridentur.
801 4398 835 4449 do
853 4414 934 4462 suno,
953 4412 1007 4464 quo
1025 4396 1150 4449 Herodes
1168 4396 1228 4447 atti·

252 4481 425 4533 moinus.
989 4480 1021 4534 ιο
