3108 5166
309 357 374 408 vm

308 544 338 605 p.
369 522 410 586 dd
440 540 508 606 sqq.
563 524 721 589 Postremo
750 529 811 608 jam
847 527 916 591 olim
950 529 1033 594 mariti
1064 530 1186 594 cedices
1218 533 1345 615 inspecti

309 643 406 715 erant,
429 637 598 701 Marcianus
628 638 707 717 (E),
741 640 827 721 enjus
857 658 917 722 ope
945 642 1073 706 Seianus
1100 644 1243 707 nonnulla
1269 646 1347 709 benc

304 749 448 825 correxit,
471 749 533 811 Peli
556 750 653 812 codex
677 750 751 828 (Τ),
775 751 901 834 Longnli
923 753 998 831 (U),
1022 755 1145 817 Parisini
1169 754 1254 819 2954
1278 758 1343 835 (li)

305 866 336 922 et
358 858 443 921 2956
466 861 545 937 (A),
568 863 700 925 incertus
725 863 761 925 ad
785 865 949 946 marginem
964 864 1090 928 Aldinae
1108 867 1172 945 (l)
1194 874 1225 930 et
1247 870 1344 932 codex

304 971 474 1035 Bourdeioti
505 972 574 1049 (R).
620 973 695 1036 Huic
729 974 805 1037 libro
835 975 975 1059 apologia
1005 977 1138 1060 ejusdem
1169 982 1344 1044 necessario

304 1083 437 1146 addenda
461 1091 537 1162 erat,
558 1085 588 1146 in
612 1104 670 1166 qua
695 1085 788 1150 hosce
812 1089 956 1170 usurpavi
979 1064 1098 1154 codices
1123 1097 1195 1169 tres,
1220 1093 1272 1174 qui
1290 1094 1343 1155 toti

304 1195 402 1258 collati
438 1202 525 1274 sunt,
555 1197 757 1261 Florentinum
788 1198 884 1277 (Φ),
914 1200 1179 1283 Guelfertynmm
1215 1206 1343 1286 priorem

305 1308 365 1384 (F)
395 1315 426 1371 et
455 1329 543 1391 quem
574 1311 670 1374 amico
699 1311 795 1375 eidem
829 1311 924 1375 debeo
955 1313 1121 1377 Parisinum
1151 1313 1233 1377 noll
1267 1316 1342 1393 (G).

304 1420 462 1484 Praeterea
488 1423 549 1504 jain
580 1430 667 1486 antea
698 1423 735 1485 ab
768 1423 832 1486 eliis
863 1443 903 1486 ax
933 1431 1018 1505 parte
1048 1428 1153 1489 saltem
1188 1427 1215 1490 lui
1245 1428 1343 1492 collati

304 1542 390 1599 erant
420 1536 540 1600 codices
570 1554 642 1599 sex:
667 1536 705 1613 E,
729 1535 773 1613 ll,
795 1536 841 1613 Ν,
865 1536 906 1614 Τ,
930 1535 972 1615 U,
996 1536 1034 1598 V.
1089 1539 1120 1600 ln
1144 1538 1343 1622 Philopseude

304 1648 468 1712 editoribus
503 1655 624 1730 praeter
653 1648 767 1729 aliquot
796 1649 964 1730 scripturas
993 1648 1170 1733 Longoliani
1206 1650 1280 1729 (U)
1312 1658 1343 1714 et

305 1762 446 1843 marginis
471 1761 595 1823 Aldinae
619 1761 681 1838 (l)
713 1761 763 1823 vix
794 1761 853 1824 ulla
881 1760 995 1824 codicis
1023 1762 1109 1824 litere
1139 1764 1249 1827 auxilio
1279 1764 1342 1827 luit

305 1874 379 1938 Tum
403 1891 508 1936 omnes
531 1874 568 1935 ab
591 1873 698 1936 Aldina
722 1873 887 1951 editiones,
911 1875 941 1935 in
965 1872 1010 1937 his
1035 1893 1099 1938 rrrer
1123 1874 1236 1957 ipsius,
1253 1895 1343 1957 ,quae

304 1986 374 2049 olim
404 1986 636 2059 Quaestionibus
669 2005 696 2066 p.
722 1982 786 2047 339
816 2004 884 2066 sqq.
919 1986 1016 2049 addila
1050 1993 1114 2064 est,
1142 1987 1200 2051 ilde
1228 1994 1342 2067 carent,

304 2099 362 2161 hoc
383 2105 431 2162 est
452 2099 482 2160 in
503 2098 609 2161 Aldina
631 2098 763 2161 secunda
780 2103 846 2175 (c),
869 2097 986 2161 inleliee
1008 2099 1184 2182 „vulgarent
1206 2105 1342 2181 parente,

304 2216 446 2305 tanquam
467 2213 497 2273 in
521 2230 599 2292 aque
622 2217 738 2291 ponunt
767 2208 1002 2273 Fundamentum.
1053 2212 1146 2292 Atqui
1177 2212 1208 2274 in
1238 2210 1341 2274 Philo·

240 2324 244 2331 ’
304 2323 423 2405 pseudo
445 2323 550 2386 Aldina
575 2323 708 2387 secunda
733 2341 823 2404 quum
847 2322 885 2384 ab
908 2323 954 2384 ed.
979 2323 1113 2405 principe
1137 2330 1192 2400 (a)
1221 2323 1340 2406 longis-

302 2438 377 2499 sime
400 2435 584 2513 discesserit,
607 2437 651 2497 eis
675 2435 763 2512 vitiis,
787 2453 864 2515 quae
888 2434 907 2496 i.
921 2434 938 2496 l.
960 2454 988 2516 p.
1006 2435 1074 2497 lilii
1096 2435 1243 2518 castigata
1261 2441 1342 2512 sunt,

302 2549 440 2611 omnibus
463 2547 574 2610 relenta
597 2555 628 2609 et
649 2546 714 2609 sola
738 2545 820 2609 nollo
845 2547 1020 2628 plerumque
1050 2564 1177 2610 numero
1210 2546 1340 2629 putanda

303 2667 360 2722 est
405 2659 463 2722 Sed
487 2660 627 2740 qnoniam
651 2658 759 2720 Aldina
781 2658 914 2721 secunda
945 2678 984 2720 ex
1009 2666 1093 2740 parte
1126 2658 1217 2737 ‚Aldi
1244 2660 1340 2722 cesti·

303 2773 497 2855 potionibusl‘
520 2771 669 2848 innititur,
700 2777 764 2832 tres
785 2770 870 2832 locos
894 2769 1032 2851 excipio,
1053 2772 1082 2832 iu
1114 2771 1221 2852 quibua
1244 2771 1341 2835 Aldus

303 2885 407 2948 codice
439 2884 538 2965 aliquo
573 2883 650 2946 irand
681 2883 769 2946 dubie
803 2900 877 2945 usus
912 2882 1026 2965 aliquot
1057 2902 1076 2945 e
1111 2883 1215 2947 codice
1250 2884 1341 2947 verba

304 2996 467 3077 supplevit,
490 2998 614 3076 primum
638 3013 664 3057 c.
692 2993 728 3057 ii
758 2994 808 3059 lin.
839 2995 923 3058 cinea
950 2991 1024 3078 παρ’
1051 2992 1151 3080 αὐτῷ,
1172 2997 1341 3061 secundun

304 3128 330 3171 e
354 3106 407 3168 nl:
433 3103 497 3188 ἥδη
521 3103 541 3171 ὁ
564 3102 684 3189 ἰατρὸς,
710 3106 828 3169 tertium
853 3104 949 3173 cdd:
973 3108 1009 3171 dn
1031 3104 1188 3180 siderion.
1222 3107 1339 3181 Quam-

303 3218 459 3281 enacmin
484 3217 539 3280 nae
562 3214 768 3299 Phiiopseudis
790 3219 969 3282 recensione
1001 3220 1060 3283 non
1084 3220 1146 3301 jam
1171 3220 1209 3281 ab
1233 3219 1340 3282 Aldina

302 3331 435 3393 secunda
477 3335 541 3407 (c)
578 3330 632 3395 sed
665 3332 702 3393 ab
735 3331 905 3394 Florentino
940 3336 994 3408 (a)
1037 3330 1148 3413 ubique
1185 3331 1340 3413 proiectus

303 3445 402 3524 ipsam
421 3442 620 3506 Florentinum
652 3444 777 3523 primum
806 3463 846 3506 ex
878 3442 936 3507 nli
959 3443 1095 3521 correxi,
1126 3444 1178 3525 qui
1206 3444 1340 3525 ejusdem

304 3555 391 3636 quasi
414 3554 541 3618 Familiae
561 3560 651 3632 sunt,
674 3554 728 3617 sed
752 3554 941 3619 Florentinue
965 3561 1128 3637 praestant.
1175 3556 1226 3616 llis
1249 3555 1340 3636 igitur

302 3669 454 3733 cedebas
478 3666 604 3748 primum
628 3683 701 3729 usus
725 3685 801 3744 sum,
819 3667 992 3731 Florentino
1016 3684 1083 3730 meo
1107 3664 1177 3743 (Φ)
1200 3665 1277 3729 libre
1293 3664 1341 3727 iric

302 3799 425 3861 quoque
448 3779 574 3861 egregio
596 3785 625 3842 el
649 3778 784 3843 Parisino
807 3777 890 3842 2954
922 3778 1006 3857 (lt),
1041 3779 1090 3860 qui
1121 3778 1191 3841 mill
1221 3779 1257 3840 ab
1286 3778 1339 3841 Th.

303 3891 494 3972 Sppsornonc
517 3890 643 3954 collatus
666 3897 722 3955 est.
768 3890 882 3955 Deinde
905 3890 1063 3954 Graeciani
1087 3889 1151 3967 (V)
1175 3891 1340 3973 scriptume

304 4004 401 4069 adhuc
424 4022 479 4085 pro
502 4004 685 4085 conjecturis
709 4004 785 4067 male
808 4003 925 4066 habitas
948 4003 1052 4085 adjeci.
1087 4004 1124 4066 Et
1147 4003 1203 4066 laae
1223 4002 1340 4083 quidem

219 4126 225 4135 ’
304 4115 449 4179 lectiones
481 4114 588 4178 vella
615 4117 652 4180 nd
683 4116 761 4180 lrunc
791 4116 941 4196 dialogum
973 4116 1124 4197 pert'uaent
1157 4114 1340 4189 uniuersum,

305 4245 365 4289 nnn
399 4227 468 4289 item
503 4227 669 4310 scripturae
700 4229 833 4292 Vaticani
867 4224 911 4289 90
945 4226 1044 4304 (Γ),
1078 4246 1118 4290 ex
1150 4242 1210 4307 quo
1245 4243 1340 4305 panca

305 4346 418 4407 tanturn
447 4340 566 4419 (ueluti
594 4358 622 4408 c.
652 4340 712 4420 35)
744 4340 898 4423 corrigere
929 4338 1019 4402 licuit
1075 4337 1211 4419 Denique
1245 4343 1279 4402 ut
1310 4320 1367 4429 ins
1397 4405 1403 4412 ³
