3066 5162
576 454 909 507 ιεεσοιισοιπσσι.
1189 429 1261 501 157

224 621 334 690 κοινόν
356 619 443 709 μητε
473 621 556 690 ἴδιον
579 624 815 704 ἐπιτελοῦντες,
849 624 911 692 ἀλλ’
937 625 1056 717 ἀχρεῖοι
1077 630 1131 695 καὶ
1152 655 1264 717 περπ-

224 730 277 797 τολ
298 734 513 807 καθεστῶτες,

290 831 366 900 οὔτε
387 838 464 898 ποτ’
488 837 524 898 ἐν
545 832 678 920 πολέμῳ
701 833 892 921 ἐναρίθμιοι
915 835 979 902 τότ’
1005 836 1053 903 ἐνί
1073 837 1190 924 βουλῇ,

229 939 319 1024 ὅμως
340 941 406 1031 τῶν
422 933 524 1001 ἀλλων
536 945 754 1026 κατηγοροῦσι
775 941 829 1005 καλ
850 937 966 1028 λόγους
990 942 1103 1026 [τινάς]
1128 939 1264 1027 πικροὺς

227 1037 500 1128 συμφορήσαντες
521 1040 575 1106 καί
596 1039 759 1129 λοιδορίας
779 1041 870 1119 τινάς
892 1042 1180 1130 ἐκμεμελετηκότες
1192 1049 1264 1110 ἐπι-

224 1152 342 1233 τιμῶσι
363 1145 417 1211 καλ
438 1142 630 1223 ὀνειδίζουσι
650 1158 720 1219 τοῖς
740 1146 892 1231 πλησίον.
919 1150 940 1188 ⁴*
961 1150 1015 1213 καὶ
1038 1141 1134 1223 οὗτος
1157 1148 1265 1215 αὐτῶν
1282 1167 1333 1220 788

225 1248 266 1318 τά
294 1256 408 1335 πρῶτα
436 1249 597 1335 φέρεσθαι
627 1247 729 1328 δοκεί,
762 1252 798 1326 ὃς
828 1249 868 1315 ἀν
890 1248 1204 1341 μεγαλοφωνότατός
1229 1278 1265 1319 τε

226 1351 323 1445 ᾔκαλ
352 1351 558 1439 ἰταμώτατος
586 1354 640 1420 καλ
668 1351 752 1440 πρὸς
780 1353 839 1431 τάς
860 1356 1072 1443 βλασφημίας
1093 1355 1265 1444 θρασότα-

225 1483 292 1534 τος.
340 1460 391 1525 31.
431 1456 536 1545 καίτοι
563 1454 624 1524 τόν
646 1456 895 1545 διατεινόμενον
917 1460 1027 1527 αὐτῶν
1052 1461 1105 1527 καί
1133 1462 1265 1547 βοῶντα

225 1563 279 1630 κοιλ
299 1568 545 1650 κατηγοροῦντα
566 1569 630 1628 τῶν
654 1562 756 1629 ἀλλων
777 1562 822 1648 ἢν
844 1568 912 1655 ὅρη,
938 1565 1032 1632 οὐδὲ
1054 1564 1140 1651 δὴτί
1159 1564 1265 1652 πρόιτ-

175 1682 182 1691 “
227 1694 292 1736 των
313 1664 480 1756 τυγχάνεις
500 1665 523 1751 ἢ
541 1666 573 1733 τί
593 1675 708 1754 φῶμεν
729 1666 813 1754 πρὸς
834 1674 925 1735 θεῶν
948 1693 984 1736 σε
1005 1667 1088 1756 πρός
1109 1668 1169 1737 τόν
1189 1670 1266 1756 βίον

228 1775 388 1840 συντελεῖν
394 1800 408 1853 ,·
438 1771 518 1857 φαίη
543 1770 595 1850 ἀν,
627 1775 658 1838 εί
684 1770 724 1838 τά
744 1772 859 1839 ’δίκαια
890 1774 943 1839 καί
965 1773 1076 1861 ἀληθῆ
1099 1776 1193 1842 θελοι
1214 1776 1265 1841 λε’-

225 1901 305 1967 γειν,
338 1879 388 1944 ότι
414 1877 508 1943 πλεῖν
534 1879 597 1962 μὲν
619 1875 642 1964 ἢ
664 1877 859 1966 γεωργεῑνῆ
883 1878 1120 1965 στρατεύεσθαι
1146 1879 1168 1965 ἦ
1190 1904 1264 1946 τινα

226 1984 342 2073 τέχνην
369 1981 516 2067 μετιέναι
544 1979 697 2067 περατόν
727 1980 812 2048 εἷναί
838 2007 898 2068 μοι
928 1983 1017 2049 δοκεῖ
1021 2034 1032 2064 ,
1064 1987 1202 2073 κέκραγα
1230 1983 1264 2052 δὲ

226 2089 280 2154 καλ
303 2086 415 2175 αὐχμῶ
437 2085 491 2151 καλ
511 2085 720 2175 ψυχρολουτῶ
741 2087 795 2151 καλ
823 2084 1032 2172 ἀνυπόδητος
1060 2095 1119 2156 τοῦ
1148 2095 1266 2179 χειμῶ-

228 2216 284 2267 νος
304 2191 515 2279 περιέρχομαι
537 2191 591 2255 καλ
614 2191 721 2275 ῶσπερ
745 2187 907 2277 όΜῶμσς
927 2188 968 2256 τά
992 2189 1059 2259 ὑπὸ
1080 2200 1145 2260 τῶν
1162 2192 1266 2259 ἀλλων

225 2293 404 2385 γιγνόμενα
441 2301 650 2380 συκοφαντῶ·
696 2293 750 2359 κοιλ
785 2298 815 2360 εἰ
844 2296 909 2379 μίν
936 2320 986 2371 τις
1015 2295 1172 2383 ὠψώνηκε
1199 2305 1266 2363 τῶν

226 2399 393 2467 πλουσίοιν
419 2399 601 2474 πολυτελῶς
628 2397 651 2483 ἢ
674 2399 807 2484 ἑταίραν
835 2404 912 2488 ἔχει,
944 2406 1043 2466 τοῦτο
1071 2402 1265 2489 πολυπραγ-

227 2512 321 2590 μονῶ
350 2504 404 2569 καλ
433 2494 623 2592 ἀγανακτῶ,
661 2506 691 2569 εί
718 2503 754 2569 δὲ
781 2508 845 2568 τῶν
874 2503 975 2589 φίλων
1002 2529 1050 2579 τις
1078 2503 1101 2588 ἢ
1131 2502 1266 2590 ἑταίρων

227 2605 412 2676 κατάκοποι
434 2612 538 2675 νοσῶν
556 2607 742 2693 ἐπικουρίας
762 2633 799 2673 τε
820 2608 873 2673 καλ
895 2606 1077 2692 θεραπείας
1093 2605 1263 2692 δεόμενος,

228 2712 347 2802 ἀγνοῶ.
393 2719 531 2778 τοιαῦτα
563 2712 628 2798 μίν
657 2716 746 2779 ἐστιν
773 2710 874 2797 ημῖν,
911 2706 935 2778 ῶ
964 2713 1056 2791 θεοί,
1092 2719 1195 2778 ταῦτα
1224 2708 1265 2778 τά

230 2819 420 2904 θρέμματα.
468 2819 520 2884 32.
556 2821 587 2882 σῖ
610 2816 645 2882 δὲ
668 2814 708 2901 δη
729 2814 944 2902 Ἐπικούρειοι
967 2815 1073 2882 αὐτῶν
1095 2814 1266 2905 λεγόμενοι

298 3082 340 3134 31.
377 3076 411 3146 δὴ
432 3100 474 3135 om
493 3086 527 3135 D.
597 3082 730 3151 γεωργεῖν
747 3079 766 3148 ἢ
784 3078 999 3150 στρατεύεσθαι]
1025 3076 1266 3148 στρατεόεοθειῆ

229 3170 361 3235 γεωργεῖν
379 3171 440 3222 QG.
512 3165 686 3236 ἀνυπόδητος
704 3169 839 3222 ΦΛθισο.
869 3163 1038 3225 ἀνοσόδετοτ
1057 3171 1195 3221 edd.vett.

228 3252 385 3324 γιγνόμενα]
394 3251 526 3322 γινόμενα
536 3258 597 3310 Φθ.
669 3253 868 3326 ῶφῶνηκενθ.
938 3253 1014 3323 ἡμῖν]
1035 3252 1099 3321 όμῗν
1118 3257 1195 3307 Φθιι.

228 3340 265 3394 τά
284 3360 325 3395 om
350 3345 383 3395 G.
1174 3414 1180 3423 .

299 3448 341 3502 32.
374 3442 564 3516 Ἐπικούρειοι
584 3444 684 3515 αὐτῶν]
705 3443 797 3499 αὐτῶν
815 3442 988 3514 ε’πικοάρειοι
1006 3448 1039 3499 G.
1116 3438 1178 3513 εἶσι]
1198 3440 1268 3499 εἰσιν

230 3536 262 3587 G.
332 3528 395 3602 pn'i
406 3530 482 3601 ε’πιμ.
493 3536 528 3586 Φ.
546 3531 617 3602 μήτε
628 3532 703 3602 ε’νιιμ.
716 3537 808 3602 vulgo.
878 3532 935 3586 τῶν
945 3530 1132 3601 ἀνθρωπίνων
1145 3529 1267 3602 λίγοντετ

228 3619 291 3676 τοὺς
309 3617 403 3689 δεοάι]
425 3618 483 3672 τῶν
507 3617 668 3689 ἀνθρώπων
691 3616 815 3689 λίγοντει
838 3624 956 3688 conjecit
978 3624 1069 3674 verbis
1095 3618 1159 3675 τοὺς
1180 3617 1268 3675 θεοὺς

230 3710 325 3761 deletis
345 3711 464 3761 Cobetue
483 3711 514 3761 V.
526 3711 556 3761 1..
577 3728 603 3776 p.
613 3710 675 3774 207,
694 3710 846 3761 infeliciter.
918 3705 954 3760 τά
970 3704 1173 3777 γιγνόμενα]τά
1191 3701 1266 3774 γινό·

678 3815 694 3843 1)

228 3883 300 3932 μενοι
319 3867 353 3917 Φ.
425 3860 486 3932 ιίίρσ
504 3861 578 3932 ὑμῖν]
597 3859 659 3933 ιίίρει
675 3862 744 3933 ἡμῖν
762 3867 796 3916 Φ.
869 3858 943 3915 διότι
963 3865 989 3915 Φ
1008 3872 1035 3916 et
1052 3882 1077 3914 v.
1111 3858 1145 3930 δὴ
1166 3858 1211 3915 ότι
1228 3866 1266 3916 Λ.

230 3946 281 4004 δεῖ.
320 3947 364 4003 ότι
382 3954 414 4004 G.
483 3953 580 4005 πεῖσαι
597 3950 647 4005 τόν
664 3951 736 4021 βίον]
754 3950 805 4004 τὸν
822 3951 886 4020 βίον
901 3950 999 4003 πεῖσαι
1015 3953 1047 4004 G.
1117 3949 1168 4002 τοῦ
1187 3947 1267 4011 ξίνον

228 4037 302 4106 χθὲς]
320 4038 385 4105 χθὲς
400 4036 451 4090 τοῦ
470 4035 622 4099 ξίνσοΦθ.
695 4033 931 4107 ῶφελιμόταταε.
1001 4035 1070 4105 ἡμίν
1079 4040 1175 4109 Φίλος.
1203 4036 1268 4106 ὑμῖν

229 4128 282 4179 bed
300 4129 433 4194 aliaeque.
461 4129 523 4179 olim
543 4129 663 4194 suppleri
680 4127 834 4179 volueram:
853 4122 1043 4193 ἡμῗν[οιάτοῒι]
1061 4121 1266 4193 ἀσφαλέστατα,

229 4215 351 4265 similiter
369 4220 450 4279 etque
468 4216 666 4266 Demosthenes
684 4215 783 4265 influe
802 4216 952 4266 orationum
971 4216 1080 4279 saepius
1097 4216 1212 4279 scripsit,
1237 4222 1268 4265 σι

229 4318 255 4367 p.
281 4301 348 4353 1011
371 4302 413 4351 ed.
439 4301 548 4363 Remu,
574 4302 620 4352 ubi
644 4307 686 4352 eet
711 4297 747 4351 τὰ
773 4295 839 4366 ἀμίν
866 4293 961 4355 τάτοῖι
987 4300 1174 4369 συμφέροντα,
1203 4303 1266 4351 item

228 4404 255 4456 p.
278 4386 343 4441 ¹137
363 4394 390 4440 et
407 4404 433 4453 p.
455 4385 529 4439 1161.
