3108 5166
544 1163 880 1317 ⁸Praefatio.

273 1693 333 1802 De
355 1739 509 1803 codicibus
532 1740 652 1804 rueram
677 1741 705 1801 u
729 1740 855 1805 eruerat
878 1742 915 1805 au
937 1743 969 1805 r.
992 1744 1004 1806 r
1030 1745 1104 1807 unus
1132 1746 1241 1811 unium

206 1856 254 1911 est
276 1868 314 1911 ne
336 1851 381 1913 eis
411 1851 530 1932 quidem
559 1871 587 1933 p.
612 1852 639 1913 Χ
663 1853 796 1930 omissis,
818 1853 868 1934 qui
898 1872 1001 1935 parum
1032 1857 1143 1938 cogniti
1172 1865 1244 1921 sunt

206 1968 415 2042 praeterquam
445 1963 562 2026 doctius
594 1964 763 2041 codicibus,
799 1963 940 2027 Urbiuete
972 1965 1033 2028 118
1063 1968 1242 2049 bombycino

206 2090 285 2135 saec.
314 2073 380 2135 ΧΙΙΙ
411 2075 509 2137 bonae
540 2081 630 2136 nome
660 2076 735 2137 libro
770 2083 801 2138 et
828 2077 959 2139 Palatino
992 2077 1052 2139 17⁴
1082 2081 1242 2143 chartaceo

205 2202 286 2247 saec.
310 2184 375 2261 XV,
399 2204 487 2266 quern
511 2192 672 2266 utrumque
690 2189 752 2267 jam
775 2187 809 2249 C.
829 2187 861 2249 L.
879 2188 996 2268 Kayser
1019 2191 1054 2251 ad
1073 2190 1240 2254 Philostrat.

206 2315 236 2375 p.
260 2295 323 2357 336
353 2315 415 2358 uon
439 2298 514 2359 maie
544 2298 714 2380 descripsit.
756 2299 924 2361 Graeviano
953 2307 1052 2363 autem
1082 2302 1143 2378 (V)
1174 2304 1242 2383 pius

161 2468 167 2477 ,
205 2427 293 2489 quam
317 2409 384 2471 ioco
407 2410 509 2489 priore
531 2429 560 2490 p.
584 2409 638 2471 xli
661 2410 793 2473 tribuere
815 2412 919 2492 coepi,
947 2430 986 2474 ex
1010 2429 1070 2492 quo
1098 2412 1239 2477 librorum

204 2537 313 2583 recena
335 2537 535 2585 excussorum
554 2522 717 2585 consensio
736 2521 825 2603 piano
842 2540 890 2585 me
907 2522 1018 2602 docuit,
1030 2523 1239 2589 adnotationes

202 2634 348 2715 marginis
370 2633 572 2711 Florentinac,
594 2653 674 2715 quae
697 2634 734 2697 ob
757 2633 790 2696 C.
809 2633 841 2697 F.
859 2634 1029 2699 Hermanno
1051 2637 1240 2700 etiacoititio

99 2808 107 2819 ,
204 2746 380 2824 „maximam
393 2752 508 2827 partem
528 2762 584 2828 pro
601 2746 806 2828 conjecturis“
829 2746 945 2811 habitae
961 2753 1057 2825 erant,
1080 2749 1239 2830 plerosque

203 2876 309 2921 omues
331 2858 426 2940 ipsius
449 2858 561 2921 codicis
585 2858 743 2921 Graariaui
765 2858 910 2921 lectiones
938 2858 1041 2922 tuisse.
1092 2858 1180 2931 Quod
1201 2861 1238 2923 ad

203 2970 467 3051 uuetteruytanum
498 2971 628 3051 priorem
662 2989 743 3033 saec.
767 2970 835 3032 xiv
866 2972 926 3047 (F)
956 2973 1077 3049 attinet,
1108 2972 1146 3032 de
1176 2989 1238 3051 quo

204 3102 231 3163 p.
255 3081 295 3145 Vi
318 3082 396 3160 dini,
426 3082 514 3165 hujus
547 3083 709 3145 varietates
739 3082 776 3144 ab
799 3081 920 3145 Urbano
950 3088 980 3144 et
1000 3081 1148 3144 iacebitio
1178 3082 1238 3145 de-

202 3195 331 3276 scriptas
354 3213 444 3276 quum
468 3194 554 3256 nimis
578 3195 657 3256 inter
678 3212 714 3256 se
742 3193 861 3256 differre
890 3194 1047 3255 vidissem:
1071 3192 1237 3259 iaciendum

203 3308 322 3387 putari,
354 3312 387 3368 ut
416 3305 496 3369 huuc
524 3306 658 3369 codicem
687 3306 724 3368 ad
754 3324 801 3369 me
828 3322 925 3387 nuper
955 3304 1237 3369 benevolentissime

203 3418 326 3480 miserm
359 3418 459 3481 denuo
488 3419 554 3499 ipse
583 3423 677 3480 totum
708 3416 887 3481 conferrem.
938 3416 1027 3479 Liber
1053 3416 1133 3479 domi
1160 3434 1236 3481 suae

202 3530 288 3607 „cod
312 3529 407 3592 Gueii.
431 3530 509 3591 iuter
532 3530 709 3611 Augustecs
738 3527 787 3591 ioi.
810 3526 867 3607 86,
890 3527 932 3591 7⁴⁶
961 3545 1041 3616 nupc
1070 3528 1236 3610 appellatur

201 3660 301 3722 neque
324 3642 365 3704 uti
387 3646 511 3704 narrant
537 3641 642 3703 eadem
671 3640 783 3722 ubique
810 3656 897 3703 mrsu
928 3639 1059 3721 scriptus
1087 3644 1152 3717 est,
1181 3640 1234 3702 sed

201 3754 258 3814 aiia
286 3771 392 3815 marrus
420 3753 522 3834 incipit
555 3752 638 3831 „Pro
666 3751 872 3835 imaginibus“
908 3771 937 3832 p.
975 3747 1155 3813 rut-230
1184 3749 1233 3811 iiu.

203 3864 247 3926 ue
277 3840 512 3945 Gusiierbptano
541 3864 646 3927 codice
678 3864 838 3947 grauiores
867 3862 995 3925 Jacobiti
1024 3879 1147 3925 errores
1177 3860 1235 3924 troc

201 3976 290 4038 modo
312 3975 355 4053 „F
378 3977 437 4052 (ita
461 3976 535 4054 F)“,
557 3976 595 4039 de
617 3975 787 4039 Graeciano
809 3973 857 4053 „V
879 3975 934 4052 (ita
957 3973 1039 4052 V)“‚
1069 3973 1107 4039 de
1129 3973 1233 4036 Gcrii-

201 4089 284 4149 censi
306 4089 429 4166 „Atita
447 4088 512 4167 Δγ(
534 4094 565 4149 et
586 4087 624 4150 de
640 4087 767 4151 caeteris
792 4086 855 4168 pari
877 4087 993 4149 ratione
1016 4092 1121 4149 notare
1139 4085 1233 4149 soleo.

202 4198 360 4279 Sequitur,
394 4204 427 4261 ut
455 4199 493 4261 de
528 4200 572 4261 eis
601 4199 707 4262 libertis
742 4199 793 4279 qui
830 4216 910 4265 nuuc
945 4200 1075 4265 eduntur
1106 4198 1234 4265 seorsim

76 4376 88 4397 Ι
201 4327 359 4392 exponam.
412 4312 615 4375 Alexandrum
646 4329 737 4391 quum
764 4309 883 4392 Lipsiae
912 4330 938 4372 a.
971 4308 1053 4373 ¹826
1080 4315 1176 4371 totum
1204 4313 1235 4370 et
