3066 5162
294 396 367 468 136
699 429 925 485 mmor

290 603 438 688 μετέωρα
478 597 640 728 ἐφρόνουν
671 600 779 667 ταδ’
758 626 840 689 αρας
880 599 949 669 ὀπό
981 599 1225 688 Πάρνηθος
1202 629 1224 687 η
1259 599 1342 670 ἀπὸ

285 706 451 794 Ὑμηττοῦ
484 706 577 796 μέχρι
607 706 784 793 Γερανείας
816 703 994 793 ἐπετόμην,
1031 705 1131 774 τίτί
1116 713 1243 774 ἐκεῖθεν
1274 708 1342 774 ἐπὶ

290 810 351 879 τὸν
374 807 681 898 Ἀκροκόρινθον
660 836 745 891 ανο,
778 809 891 878 εἶτα*
875 816 960 898 νπὲρ
994 810 1122 899 Φολόης
1152 813 1207 878 καί
1232 812 1341 898 Ἐρυ-

290 912 432 1001 μόνθου
451 916 545 1004 μέχρι
565 913 649 1001 πρὸς
669 912 707 983 τό
736 913 915 1005 Ταΰγετον.
957 915 1022 1001 ἤδη
1046 915 1078 982 δ’
1103 913 1165 984 οὖν
1185 943 1246 1003 μοι
1265 926 1338 983 τοῦ

288 1018 503 1106 τολμήματος
526 1020 832 1144 ἐκμεμελετημένου
857 1018 976 1096 τέλειός
1001 1047 1038 1087 τε
1066 1021 1120 1088 καί
1162 1018 1339 1146 ὑψιπέτης

289 1121 468 1214 γενόμενος
497 1121 602 1190 οόκίτι
631 1123 671 1190 τά
701 1129 842 1190 νεοττῶν
871 1122 1049 1211 ἐφρόνουν,
1086 1123 1149 1191 ἀλλ’
1181 1126 1236 1192 ἐπὶ
1266 1124 1339 1193 τόν

282 1229 380 1316 ”γΟλυ
380 1253 460 1296 ιπον
483 1225 610 1314 ἀναβάς
631 1227 684 1293 καί
707 1225 750 1303 ῶς
770 1232 849 1313 ἐνῆν
869 1225 1015 1313 μάλιστα
1035 1226 1165 1316 κούφως
1186 1234 1334 1320 ἐπισιτι-

290 1331 434 1421 σάμενος
458 1329 499 1399 τό
525 1329 685 1398 λοιπόν
671 1356 796 1398 ετεινον
817 1330 899 1398 εόθύ
921 1340 981 1401 τοῦ
1006 1331 1169 1458 οὐρανρῦ·
1205 1312 1259 1400 καλ
1287 1332 1335 1401 τό

288 1442 353 1525 μὲν
373 1444 506 1524 πρῶτον
528 1434 703 1526 ίλιγγίοιν“
688 1434 755 1503 υπδ
776 1443 835 1502 τοῦ
863 1434 1012 1523 βάθους,
1043 1462 1128 1524 μετα
1117 1435 1188 1505 δὲ
1209 1437 1333 1525 ἔφερον

287 1544 461 1610 καὶτοῦτο
484 1539 645 1627 εὐμαρῶς.
681 1540 751 1606 ἐπεὶ
779 1539 815 1605 δὲ
841 1539 907 1606 κατ’
932 1539 1038 1627 αὐτὴν
1058 1540 1123 1628 ἤδη
1145 1539 1208 1628 την
1231 1540 1333 1627 σελίγ-

287 1672 349 1733 νην
372 1644 535 1736 ἐγενόμην
556 1641 719 1731 πάμπολυ
738 1650 806 1710 τῶν
826 1652 934 1731 νεφῶν
955 1642 1178 1726 ἀποσπάσας,
1214 1643 1331 1734 ᾐσθό-

220 1764 271 1816 764
287 1776 360 1838 μην
392 1755 414 1794 ⁸*
446 1748 632 1836 κάμνοντος
671 1753 816 1834 ἐμαυτοῦ
822 1799 834 1829 ,
876 1749 930 1814 καί
967 1747 1110 1836 μάλιστα
1148 1748 1230 1817 κατὰ
1263 1748 1331 1834 τήν

288 1852 461 1941 ἀριστεράν
487 1854 632 1943 πτέρυγα
658 1851 719 1939 τὴν
749 1856 903 1942 γυπίνην.
946 1851 1152 1940 προσελάσας
1182 1848 1243 1921 οὖν
1271 1856 1330 1919 καί

287 1957 512 2045 καθεζόμενος
540 1957 588 2025 ἐπ’
614 1956 717 2043 αὐτῆς
739 1954 995 2044 διανεπαυόμην
1016 1961 1048 2033 ἐς
1069 1956 1133 2044 τήν
1152 1965 1217 2047 γῆν
1239 1957 1328 2024 ὀνω-

287 2062 569 2150 θενῶποβλίποιν
590 2062 644 2129 καί
666 2064 774 2149 ῶσπερ
799 2061 816 2128 6
838 2070 897 2129 τοῦ
913 2060 1170 2149 ὈμηρουΖεός
1193 2069 1324 2142 ἐκεῖνος,

288 2168 361 2256 ἄρτι
392 2172 458 2255 μὲν
485 2166 549 2255 την
576 2174 642 2236 τῶν
675 2165 873 2235 ἱπποπόλων
903 2168 1043 2258 Θρῃκῶν
1074 2160 1324 2257 καθορῶμενός,

289 2273 364 2361 ἄρτι
390 2273 426 2340 δὲ
454 2271 515 2359 την
547 2278 686 2354 Μυσῶν,
721 2272 775 2338 καλ
803 2271 872 2359 μετ’
905 2270 1030 2361 ὀλίγον,
1063 2275 1094 2338 εἰ
1118 2269 1219 2348 δόξειεΙ
1250 2296 1323 2358 μοι,

287 2376 351 2464 την
371 2375 532 2458 Ἑλλάδα,
567 2374 631 2463 τήν
659 2376 810 2463 Περσίδα
843 2376 897 2442 καί
928 2374 992 2461 τήν
1016 2373 1168 2462 Ἰνδικήν.
1215 2379 1247 2452 ἐξ
1279 2370 1326 2443 ὀν

289 2481 447 2550 ἁπάντων
468 2482 615 2567 ποικίλης
642 2479 732 2557 τινός
759 2479 885 2566 ἡδονῆς
906 2477 1172 2567 ἐνεπιμπλάμην.
1223 2480 1321 2547 ΦΙΛ.

289 2587 410 2654 οὐκοῦν
438 2587 492 2652 καί
523 2592 630 2653 ταῦτα
662 2585 765 2675 λε’γοις
799 2584 852 2662 ἄν,
888 2579 912 2650 ολ
939 2584 1114 2663 Μένιππε,
1151 2591 1206 2652 ἵνα
1236 2583 1326 2670 μηδὲ

288 2691 361 2758 καθ’
387 2698 421 2757 6
445 2687 707 2776 ἀπολειπώμεθα
734 2694 794 2772 τῆς
823 2686 1032 2774 ἀποδημίας,
1063 2685 1125 2753 ἀλλ’
1156 2689 1190 2753 εἴ
1211 2687 1244 2755 τί
1272 2713 1325 2756 σοι

287 2798 341 2863 καί
372 2794 452 2863 ὀδοῦ
482 2793 648 2884 πάρεργον
677 2788 860 2879 ἱστόρηται,
895 2792 950 2858 καί
977 2790 1062 2858 τοῦτ’
1094 2789 1244 2878 εἰδῶμεν.
1281 2790 1325 2867 ῶς

288 2906 387 2990 ἔγωγε
419 2898 478 2967 οὐκ
511 2898 602 2988 ὀλίγα
640 2896 814 2983 προσδοκῶ
847 2892 1051 2962 ἀκούσεσθαι
1090 2892 1257 2985 σχήματός
1287 2922 1325 2961 τε

287 3006 362 3091 πέρι
383 3011 443 3094 γῆς
471 3004 525 3069 καλ
551 3008 618 3069 τῶν
640 2999 688 3067 ἐπ’
714 2998 815 3085 αὐτῆς
837 2995 1007 3079 ἁπάντων,
1039 2995 1091 3065 οίό
1116 3023 1168 3066 σοι
1190 2999 1324 3067 ἄνωθεν

287 3113 521 3174 ἐπισκοποῦντι
553 3103 775 3191 κατεφαίνετο.
823 3104 946 3169 ΜΕΝ.
981 3103 1036 3169 καί
1069 3100 1179 3191 ὀρθῶς
1210 3129 1264 3192 γε,
1297 3099 1322 3170 ὦ

288 3218 409 3298 ἑταῖρε,
445 3208 587 3289 εἰκάζεις.
630 3204 744 3295 διόπερ
774 3204 817 3281 ῶς
847 3203 920 3275 οἷόν
947 3232 985 3274 τε
1014 3205 1141 3294 ἀναβὰς
1173 3210 1232 3275 ἐπί
1260 3205 1324 3294 τῆν

219 3336 269 3389 765
289 3313 430 3401 σελήνην
456 3320 500 3404 τῶ
530 3312 612 3403 λόγῳ
640 3316 661 3354 ⁴*
685 3309 916 3398 συναποδήμει
943 3337 980 3379 τε
1008 3312 1062 3378 καί
1093 3309 1324 3379 συνεπισκόπει

286 3417 350 3506 την
376 3421 455 3505 όλην
481 3424 548 3486 τῶν
574 3417 628 3483 ἐπί
656 3422 717 3506 γῆς
745 3414 909 3511 διάθεσιν.
959 3419 1008 3484 12.
1043 3416 1098 3482 καί
1127 3415 1259 3504 πρῶτόν
1286 3420 1324 3506 γε’

287 3672 398 3723 Solane.
437 3659 608 3719 ίττποποίλονν
626 3667 649 3717 G
668 3670 738 3716 etv.
809 3665 855 3713 καί
873 3658 930 3728 μετ’
950 3657 1043 3732 ὀλίγον
1051 3664 1116 3716 ΛΘ.
1151 3660 1208 3730 μετ’
1229 3661 1322 3735 ὀλίγον

287 3751 318 3809 66
337 3758 363 3807 Φ
381 3764 409 3809 et
425 3774 451 3810 v.
530 3745 741 3819 ἐνεπιμπλάμην
759 3749 846 3802 ΟΛΟ.
883 3744 1099 3817 άνεπιμπλάμην
1124 3751 1150 3800 Φ
1173 3758 1201 3804 ελ
1218 3770 1242 3805 v.

286 3837 368 3910 μηδὲ]
386 3838 424 3909 μὴ
445 3843 477 3895 G.
555 3834 627 3892 τοῦτ’
653 3842 687 3892 D.
722 3834 806 3890 τοῦτο
833 3837 885 3889 66
909 3844 937 3889 et
954 3854 980 3887 ν.
1062 3830 1191 3905 εἰδῶμεν]
1217 3834 1321 3908 ἴδωμεν

286 3930 349 3981 ΒΦ.
429 3923 566 3994 σχήματός
586 3945 617 3979 τε
640 3927 707 3995 πέρι
731 3927 807 3992 (περὶ
826 3923 863 3987 Φ)
885 3921 936 3992 γῆε
958 3926 1099 3977 cnm.
1137 3921 1275 3992 σχήματός
1290 3946 1320 3981 τε

285 4015 353 4082 πέρι
369 4012 419 4082 γῆς
434 4031 465 4065 τε
483 4032 507 4066 ε.
545 4010 681 4079 σχήματος
697 4013 764 4081 πέρι
780 4009 829 4081 γῆς
845 4028 911 4063 τεν.
982 4008 1048 4078 τῶν]
1063 4010 1154 4079 τῆεθ.
1226 4010 1322 4084 ὀρθῶς

285 4120 316 4169 γε
335 4103 368 4154 G.
406 4095 502 4168 ὀρθῶς
518 4096 571 4168 γὰρ
591 4100 618 4148 Φ
637 4105 664 4150 et
681 4115 706 4149 v.
779 4091 907 4164 εἰκάζεις]
927 4092 1033 4158 εἰκάζει
1050 4100 1084 4150 D.

358 4187 398 4239 12.
433 4179 563 4237 θάλαττα
584 4185 738 4236 Jacobitins
762 4201 810 4249 pro
833 4179 973 4237 θάλασσα.
1050 4181 1101 4236 τόν
1119 4180 1233 4238 Ῥόδιον
1251 4190 1275 4241 G
1293 4197 1321 4241 et

285 4278 384 4328 lemma
401 4274 506 4326 scholii.
541 4267 598 4322 τῶν
609 4263 728 4320 Ῥοδίων
737 4271 772 4321 D.
799 4265 979 4323 τδνῬοδίονν
997 4272 1095 4324 Φεττ.
1124 4273 1319 4337 τίδορακοελλ

287 4366 317 4415 L.
338 4379 365 4429 p.
385 4362 446 4416 61⁹.
519 4352 651 4411 διλλαθιν
668 4359 776 4410 Bekker
793 4375 842 4424 pro
862 4351 987 4410 διέλαθε.
1059 4353 1318 4443 ὀποοτίλβοινῦἵε.
