3050 5160
251 376 317 431 XIV
647 372 918 433 mondoum

251 550 361 597 verum
389 528 431 597 sit
459 520 607 613 qnodque
633 527 749 595 debeat
777 546 848 596 esse
876 547 987 614 unum,
1017 527 1059 595 ah
1089 526 1289 615 philosophis

251 672 391 736 unquam
418 651 581 719 inventum
611 670 698 737 esse,
735 651 789 736 qni
822 649 1039 718 diversissima
1067 649 1160 733 quasi
1192 669 1290 716 unum

249 773 330 839 illud
351 792 461 839 verum
483 771 661 858 venditent,
691 791 794 857 neque
823 771 926 857 magis
954 791 1094 857 unquam
1122 770 1289 858 accidisse,

251 902 286 962 ut
307 893 489 981 philosophi
510 913 665 960 summum
687 892 812 979 bonnm,
842 892 927 977 quod
955 892 989 958 in
1019 893 1114 960 rebus
1135 898 1290 977 quaeram

252 1015 389 1082 maxims
409 1014 516 1100 variis,
544 1012 677 1098 adsequi
705 1020 846 1101 possent,
879 1012 1017 1097 denique
1048 1034 1157 1082 veram
1190 1013 1307 1099 beati·¹

251 1135 392 1203 tudinem
426 1156 490 1202 non
521 1135 555 1202 in
583 1135 675 1202 ranis
704 1135 899 1222 syllogismis
928 1133 987 1202 sed
1019 1134 1052 1202 in
1085 1135 1153 1202 vita
1184 1134 1291 1201 inesse

252 1257 392 1324 honesta.
437 1255 543 1335 Quare
564 1256 772 1343 philosophos
801 1275 911 1323 omnes
939 1256 986 1323 ita
1013 1254 1181 1342 fugiendos
1209 1275 1290 1341 esse,

251 1385 287 1444 ut
309 1397 405 1445 canes
426 1377 571 1445 rabiosos
592 1378 626 1464 (ξ
649 1379 713 1462 86).
757 1377 847 1456 Quae
874 1397 971 1463 quum
999 1378 1046 1444 ita
1073 1378 1152 1464 sint,
1180 1396 1222 1443 ne
1251 1396 1291 1443 ca

124 1576 126 1583 y
253 1499 380 1584 quidem
402 1500 564 1567 excusatio
587 1499 620 1565 in
642 1497 890 1585 ,Hermotimnm‘
912 1497 1007 1585 cadit,
1033 1519 1098 1584 qua
1118 1498 1152 1565 in
1173 1499 1291 1586 ‚Pisca-

252 1622 330 1689 torc‘
351 1622 422 1708 ipse
443 1622 548 1707 utitur,
571 1627 606 1687 ut
623 1621 720 1687 alium
737 1618 901 1706 dialogum
919 1620 1027 1708 paullo
1045 1626 1121 1687 ante
1138 1620 1291 1707 scriptum

254 1742 412 1827 defendat,
434 1740 520 1826 quod
541 1742 575 1808 in
597 1742 750 1828 ‚Vitarom
771 1741 936 1808 Auctione‘
964 1762 1029 1809 non
1057 1742 1204 1827 antiquos
1232 1740 1291 1808 sed

253 1865 404 1949 aequales
430 1870 552 1931 tantum
579 1861 787 1949 philosophos
816 1861 971 1932 deriserit
1012 1864 1114 1931 Immo
1143 1863 1177 1929 in
1203 1863 1291 1950 ‚Her-

146 1976 156 2001 ‘
206 2073 210 2080 .
254 1986 393 2057 motimo‘
420 2005 516 2069 quum
542 1985 614 2071 ipsa
635 1984 840 2073 philosophia
860 1993 971 2073 aperte
991 1985 1093 2073 petita
1114 1985 1165 2071 sit,
1195 1984 1291 2053 etiam

253 2108 370 2175 veteris
384 2106 540 2174 Graeciae
562 2112 594 2173 et
611 2107 751 2174 omnium
769 2113 947 2195 temporum
966 2107 1013 2192 (in
1031 2106 1081 2174 his
1098 2106 1291 2189 nostrorum)

253 2228 435 2316 philosophi
456 2234 552 2311 atque
580 2226 662 2295 adeo
684 2228 889 2316 philosophia
915 2229 987 2316 ipsa
1015 2248 1117 2312 eaque
1143 2233 1211 2296 tota
1239 2246 1293 2294 ex·

216 2338 218 2341 ’
253 2351 337 2437 plosi
366 2357 447 2418 sunt.
501 2349 613 2434 Itaque
642 2350 841 2418 Wiolandius
869 2371 1018 2437 magnam
1047 2349 1143 2433 hqios
1171 2348 1292 2434 dialogi

254 2472 421 2538 utilitatem
443 2470 673 2557 („lehrreiohen
690 2472 831 2557 lnhult“)
852 2493 916 2539 non
932 2471 1158 2558 praedicasset,
1180 2471 1209 2539 si
1230 2470 1293 2539 hac

254 2591 349 2658 laude
381 2611 418 2657 se
450 2612 575 2676 quoque
606 2593 884 2661 animadvertisset
922 2612 1119 2661 communem
1152 2591 1291 2659 onmium

253 2712 514 2800 philosophorum
543 2714 666 2781 hostem
694 2714 862 2785 exstitisse.
915 2715 999 2782 Nam
1020 2714 1054 2780 in
1075 2714 1291 2800 ‚Hermotimo‘

254 2833 414 2901 Lucienus
445 2835 559 2920 ingens
592 2834 752 2919 quoddam
791 2836 893 2903 omnis
930 2834 1152 2923 philosophiae
1183 2833 1291 2901 odium

253 2955 420 3022 manifesto
442 2955 583 3041 prodidit
604 2977 706 3041 neque
728 2956 798 3044 ipse
820 2956 948 3041 quidem
974 2957 1035 3023 hoc
1056 2955 1163 3023 odium
1190 2956 1226 3041 (ἕ
1247 2955 1288 3021 51

253 3076 361 3162 init.*)
384 3076 604 3145 dissimularit.
647 3078 759 3162 Neque
777 3078 881 3145 subito
900 3076 1038 3162 quodam
1058 3077 1157 3143 ammi
1177 3074 1292 3157 ardore

254 3198 404 3284 abreptos
425 3197 460 3263 in
481 3197 716 3286 philosophiam
738 3199 791 3267 hic
810 3199 978 3285 invehitur,
1007 3197 1065 3265 sed
1092 3218 1134 3266 ne
1160 3196 1292 3264 rubum

255 3318 383 3404 quidem
405 3319 570 3405 scripsisse
592 3320 716 3388 videtur
737 3321 800 3388 nisi
821 3328 895 3408 post
911 3321 1030 3387 lentam
1044 3318 1291 3387 meditationem

255 3440 318 3520 Qui
346 3460 442 3524 quum
470 3441 747 3509 animadvertisset
775 3442 925 3528 obscura,
958 3461 1041 3527 qnae
1070 3448 1175 3509 monte
1205 3439 1292 3507 cerni

255 3564 325 3632 sola
347 3568 475 3649 queunt,
496 3562 642 3631 sensibus
663 3563 779 3631 nostris
799 3584 857 3650 per
878 3563 1034 3651 imagines
1061 3561 1216 3648 quasdam
1236 3560 1292 3645 ad·

254 3684 375 3753 moveri
398 3691 430 3752 et
450 3690 602 3768 tanquam
624 3683 739 3769 subjici
766 3704 869 3772 posse,
899 3685 981 3752 mira
1007 3682 1208 3751 multitudine
1236 3704 1292 3769 ap-

254 3807 446 3873 tissimamm
467 3806 641 3893 imaginum
662 3806 748 3875 huno
767 3805 931 3893 dialogum
952 3805 1111 3894 opplevit:
1139 3810 1187 3873 tot
1207 3804 1291 3872 enim

254 3926 289 3992 in
310 3926 504 3993 Hermotimo
525 3928 633 3996 insunt
664 3927 829 4014 imagines,
858 3932 935 4013 quot
962 3927 996 3993 in
1024 3927 1111 3994 nollo
1140 3926 1204 3994 alio
1224 3925 1292 3992 dia

254 4046 329 4131 logo
350 4053 478 4131 praeter
499 4067 595 4115 unum
617 4048 672 4133 qui
692 4044 860 4130 ,Elaiurc‘
881 4067 997 4116 nomen
1018 4054 1051 4115 ct
1072 4066 1165 4117 omen
1186 4048 1293 4116 habet

341 4216 368 4290 ⁴⁸)
386 4220 481 4277 Verba
497 4221 566 4278 haec
582 4225 662 4279 sunt:
684 4220 817 4293 ὑβριστὴς
834 4219 879 4276 o’rsl
898 4221 930 4276 σὺ
949 4227 996 4275 καὶ
1015 4218 1065 4274 oris
1082 4219 1138 4276 sit·
1157 4220 1174 4276 t
1191 4242 1220 4276 σι
1236 4241 1291 4275 πο-

255 4305 319 4363 dds
334 4308 425 4378 μισσῖι
442 4304 614 4379 φιλοσοφίαν
636 4315 684 4363 οισι
707 4307 735 4369 ἐς
754 4309 819 4368 cote
841 4305 1067 4380 φιλοσοφοῦντας
1088 4306 1290 4366 ιίπσσιισὶπσσιο.
