3066 5162
399 470 763 528 mammarum
774 471 1026 529 murmura.
1178 452 1230 540 35

189 645 289 734 θερίσ
309 646 368 712 acl
388 644 498 734 νόμος
519 643 576 728 εἷς,
599 644 639 715 ro
662 643 761 723 δόξαν
785 653 830 737 τῷ
859 652 992 737 ποιητῇ.
1030 647 1148 721 ἔνθεος
1168 644 1231 736 γᾶρ

187 752 244 817 nol
270 749 410 842 κάτοχος
439 756 473 818 ἐκ
502 758 639 838 μουσῶν
669 750 753 837 [ὢν],
790 748 852 818 κᾶν
889 756 1001 819 ἵππων
1034 748 1232 839 ὑποπτέρων

189 857 284 942 ἅρμα
306 853 486 935 ζεύξασθαι
515 858 623 946 ἐθέλῃ,
656 854 720 923 κᾶν
740 859 789 943 ἐφ’
811 859 833 897 ⁴*
854 855 975 929 ὕδατος
998 853 1112 930 ἄλλους
1133 854 1156 941 ἢ
1180 857 1231 920 ἐπ’
1251 871 1282 924 to

188 1047 271 1107 nites
294 1046 462 1119 ἰλινθερθαε
482 1044 626 1117 διψήσασα
647 1047 741 1101 mir
762 1043 897 1115 οἰνοχόων
917 1046 1149 1117 προστατοὸιτων
1164 1046 1231 1119 roim

189 1144 239 1190 sal
254 1138 431 1206 πορρωτέρω
452 1135 504 1189 τοῦ
523 1131 774 1207 &metelupoleos
793 1132 878 1204 αὗτῆε
893 1136 1037 1209 μεθυσθῇ.
1064 1139 1131 1191 Nam
1149 1154 1232 1205 quom

191 1229 301 1281 omnino
321 1220 444 1291 ἄκρατοι
459 1229 490 1276 in
507 1226 626 1291 pedestri
643 1242 766 1277 sermone
785 1226 818 1278 da
831 1229 890 1291 ipso
903 1227 1060 1292 plerumque
1075 1227 1137 1277 rino
1154 1241 1230 1276 usar·

190 1320 285 1380 patum
303 1315 348 1373 sit,
367 1318 424 1363 tum
442 1314 470 1362 in
487 1302 601 1362 Platone
619 1312 750 1379 allegoria
768 1319 817 1376 est,
840 1329 894 1364 non
912 1314 976 1362 item
994 1313 1038 1363 hic
1055 1315 1083 1364 in
1101 1314 1231 1363 Lucieno.

190 1400 300 1451 Deinde
317 1399 489 1451 Platonicum
508 1392 629 1465 ἄκρατον
648 1393 732 1463 αὐτῆς
752 1397 789 1460 (h.
808 1415 832 1451 ε.
850 1396 1022 1461 immodicae)
1045 1399 1230 1464 reprehensio-

190 1503 255 1538 nem
277 1486 371 1549 habet,
395 1489 426 1536 ut
449 1490 524 1536 recte
547 1485 673 1536 viderunt
697 1489 725 1536 et
741 1485 902 1537 Plutarchus
918 1485 1014 1538 lloral.
1032 1502 1059 1551 p.
1078 1483 1181 1549 mc
1206 1490 1234 1535 ot

190 1574 300 1625 Tullius
324 1574 368 1623 De
391 1573 459 1636 Bep.
477 1574 500 1635 1,
525 1570 560 1622 lt
583 1575 642 1623 init.
664 1575 704 1623 sic
727 1574 773 1624 ille
797 1575 1004 1638 iuterpretatur:
1032 1588 1104 1633 „uon
1128 1572 1233 1622 modice

190 1665 381 1725 temperatam,
399 1659 449 1708 sed
466 1659 544 1708 nimis
562 1674 695 1711 meracam
706 1657 884 1722 libertatem,“
903 1665 1020 1726 atquem
1034 1658 1168 1710 Platonici
1180 1660 1234 1710 loci

189 1749 355 1798 imitatorem
375 1747 433 1812 ipse
452 1745 533 1808 addo,
557 1746 589 1795 T.
603 1746 697 1796 Livius
713 1746 783 1796 Hist.
800 1744 843 1809 39,
861 1743 894 1796 tt
918 1744 988 1796 med.
1014 1746 1057 1796 Ila
1074 1745 1138 1796 alibi
1156 1760 1232 1797 usur·

191 1839 292 1901 pantur
317 1826 437 1902 ἄκρατοι
457 1830 603 1898 παρρησία
625 1837 653 1882 et
677 1825 840 1897 φιλονεικία.
870 1832 942 1894 Quiu
963 1838 1021 1883 tum
1039 1847 1146 1899 quoque
1164 1836 1232 1883 vitu·

192 1923 299 1986 petatio
323 1922 402 1983 inest,
426 1920 449 1969 si
473 1919 569 1983 „ulmis
591 1914 742 1969 fervidum¹‘
765 1921 855 1985 potlus
878 1918 1020 1985 siguificat,
1047 1935 1101 1986 qua
1123 1922 1233 1969 notione
1316 1964 1319 1975 ,

192 2012 294 2072 poetae
311 2008 428 2057 maxime
445 2010 559 2076 utuntur
580 2010 611 2055 ut
627 2004 778 2070 Aeschylus
794 2006 823 2056 Iu
840 2005 975 2056 Promoti.
994 2022 1020 2055 r.
1039 2003 1091 2056 619
1115 1999 1236 2073 ἄκρατοι

195 2087 290 2161 ὀργήν.
321 2094 413 2155 Quare
426 2092 586 2144 Aristotcles
603 2095 630 2143 iu
642 2092 809 2155 Rhetor.lll,
828 2091 914 2143 iiuit.
933 2092 970 2143 ad
984 2085 1112 2159 γλῶτται,
1132 2095 1150 2143 i.
1161 2110 1185 2144 ε.
1200 2092 1235 2144 atI

195 2181 305 2246 postica
330 2186 358 2230 et
380 2179 505 2230 obsoleta
526 2178 580 2230 hoc
603 2179 686 2229 refert
702 2179 894 2231 Alcidamantia
913 2181 1028 2231 dictum:
1054 2174 1165 2245 ιἰιιρίπιρ
1186 2175 1236 2244 τῆς

197 2259 325 2320 διανοίας
343 2259 412 2337 ὀργῇ
429 2264 612 2332 τεθηγμένον.
641 2266 766 2316 Attamen
785 2267 880 2317 eodem
899 2266 954 2317 iere
972 2267 1052 2318 morlo
1065 2267 1139 2332 loqui
1154 2282 1236 2317 ansus

197 2361 239 2405 est
263 2356 412 2419 Dionysius
439 2353 501 2403 Hal.
529 2354 560 2403 A.
588 2354 620 2404 Β.
646 2353 720 2416 VIII,
748 2351 781 2403 tl
814 2344 850 2401 δι’
878 2346 962 2419 ὀργῆς
988 2347 1119 2417 (inpuros.
1155 2355 1236 2418 Atqui

198 2438 355 2492 Diodorfius
374 2455 482 2506 quoque
501 2444 603 2490 mutum
621 2444 695 2490 recte
710 2438 782 2502 (lixit,
802 2455 856 2490 uon
868 2456 933 2490 sane
947 2440 974 2490 id
983 2439 1132 2489 Luciauum
1145 2455 1236 2505 agere,

197 2533 228 2577 ut
250 2529 347 2593 possiti
370 2526 426 2577 ullo
450 2525 530 2577 modo
557 2526 746 2592 reprehensam
770 2526 845 2577 velia
877 2528 1022 2578 Enimvero
1048 2527 1076 2577 in
1099 2526 1236 2577 Plutarchi

197 2615 276 2678 Vitia,
301 2617 329 2664 ln
347 2613 472 2679 Compar.
492 2613 588 2664 'I'imol
614 2628 674 2663 cnm
693 2613 723 2664 P.
742 2613 836 2664 Aemil.
856 2612 915 2666 σθ
941 2612 1008 2675 (sive
1026 2612 1052 2664 II
1078 2628 1104 2679 p.
1123 2612 1173 2667 325
1192 2612 1236 2675 R.)

199 2717 260 2751 cum
279 2688 491 2766 corporc‘plane
509 2700 618 2750 robusto
637 2703 666 2749 et
682 2699 717 2749 all
733 2699 818 2764 trigue
836 2705 991 2766 aestumque
1008 2700 1147 2751 terendum
1159 2700 1238 2765 juxta

198 2788 298 2837 idoneo
327 2790 497 2852 comparator
525 2782 636 2852 „papir
659 2779 779 2853 ἄκρατοι
802 2780 939 2854 εὐρωστία
966 2790 1013 2836 unt
1038 2778 1132 2851 ι’σχὺια
1160 2787 1186 2838 h.
1212 2804 1236 2837 e.

204 2873 331 2939 „plenum
357 2874 438 2923 animi
463 2870 570 2935 robur,“
597 2888 666 2938 quae
689 2873 773 2923 verba
790 2890 807 2923 a
826 2871 972 2923 Schaofcro
998 2889 1105 2939 qnoque
1122 2873 1182 2925 Vol.
1199 2874 1238 2923 IV

198 2976 225 3026 p.
245 2957 296 3011 tto
316 2964 392 3009 recto
418 2958 551 3024 explicata
572 2963 643 3009 aunt.
670 2958 791 3028 Tertium
808 2965 899 3010 tamen
917 2958 1069 3024 hujusmodi
1087 2959 1116 3023 l.,
1138 2962 1237 3026 inquo

201 3040 323 3112 ἄκρατος
343 3042 488 3111 ‚‚pleuum“
506 3044 630 3111 designet
647 3047 704 3095 sine
718 3044 774 3095 ulla
789 3045 896 3111 quidem
912 3045 1130 3109 reprehensione,
1150 3046 1238 3096 adhuc

199 3132 300 3183 frustm
323 3133 452 3198 quaesivi.
479 3132 515 3183 At
528 3133 653 3183 Vaticani
664 3131 755 3182 'lectio
774 3132 904 3197 refragari
920 3133 1048 3197 priminae
1066 3132 1238 3198 conjecturae

198 3218 447 3270 nostracvidetur:
477 3211 600 3284 ἰιιιῖμὶν
616 3214 669 3287 γὰρ
689 3210 908 3284 tepescant)
928 3211 1076 3285 ἐλευθερία
1095 3244 1136 3267 —-.
1167 3220 1238 3269 Con-

199 3305 314 3356 tuleram
333 3310 440 3369 praeter
458 3305 511 3356 alia
528 3306 617 3356 Nostri
630 3306 788 3356 Hermotim.
806 3304 857 3357 al
874 3299 1003 3371 καθαρόν
1019 3321 1050 3354 τε
1068 3309 1116 3354 καὶ
1134 3299 1239 3372 ἀκήρα-

199 3406 251 3442 τσν
276 3390 369 3457 φέρων
393 3387 426 3440 τὸ
444 3388 536 3450 θεῖον,
555 3392 624 3442 Plat.
643 3391 759 3442 Phaedr.
778 3409 803 3457 p.
822 3391 882 3456 247,
901 3394 926 3442 D
951 3386 1088 3461 ἐπιστήμῃ
1109 3385 1238 3459 ἆιιηρὰτῳ

201 3484 230 3529 et
251 3478 351 3529 Iuccrt
369 3478 481 3529 Axiocln
503 3492 529 3543 p.
549 3477 609 3541 tlt,
626 3478 652 3529 D
673 3473 812 3545 ἀκήρατος
829 3471 941 3528 ἀλυπία.
1014 3480 1081 3530 Post
1102 3478 1187 3530 verba
1210 3473 1240 3528 εἰι

199 3561 315 3631 μουσῶν
333 3580 384 3631 ego
402 3571 507 3616 retento
524 3566 612 3630 priore
630 3567 847 3631 interpunctione
865 3566 957 3616 addidi
976 3558 1022 3624 ὢν,
1044 3566 1116 3632 quod
1134 3583 1151 3617 a
1165 3567 1240 3617 libris

201 3653 280 3704 abest
297 3652 429 3703 omuibus.
457 3651 527 3702 Olim
547 3652 671 3717 equidem
683 3652 869 3718 suppleveram
888 3646 918 3701 ιἰι
935 3648 1047 3718 μουσῶν
1065 3645 1160 3718 [ἔδει]
1180 3669 1240 3704 cum

202 3740 278 3805 gravi
304 3741 384 3789 etlam
411 3742 472 3805 post
495 3729 558 3801 ᾅδει
581 3738 743 3790 Interductn.
771 3739 895 3790 Moverat
912 3755 954 3790 me
972 3746 1080 3806 praeter
1096 3741 1146 3791 hos
1164 3736 1240 3791 locos

201 3824 244 3877 De
264 3826 385 3878 sacrific.
405 3843 428 3877 c.
449 3826 464 3876 ⁵
488 3832 516 3876 et
530 3826 573 3876 De
593 3823 687 3876 Saltat.
707 3842 731 3876 c.
750 3824 781 3876 fil
805 3842 906 3891 magua
929 3826 1074 3878 simititudo
1097 3826 1241 3877 verborum

201 3915 229 3963 in
250 3912 322 3964 Jove
348 3913 494 3964 Confutato
519 3929 542 3963 c.
566 3911 584 3966 2
611 3903 642 3961 οἵ
659 3915 777 3976 ποιηταὶ
795 3937 823 3947 -
846 3905 959 3977 ᾄδωσιν.
993 3915 1030 3964 At
1052 3917 1241 3980 praeterquam

203 3999 274 4066 quoti
298 4000 384 4051 altera
409 4000 568 4064 conjectura
589 3999 634 4050 rcl
655 4013 705 4063 per
728 4014 758 4049 se
775 3999 859 4050 multo
876 3999 964 4050 lenior
982 4006 1035 4051 est:
1061 4001 1195 4066 quomodo
1215 4006 1242 4053 et

202 4087 246 4138 lic
264 4081 304 4136 ὢν
319 4092 382 4152 post
400 4080 431 4135 εἐι
448 4082 561 4150 μουσῶν
577 4087 647 4136 male
666 4086 795 4138 exciderit
813 4091 841 4137 et
852 4087 942 4152 paullo
957 4092 1018 4152 post
1032 4088 1101 4139 male
1114 4090 1241 4153 scriptum

203 4174 238 4224 ait
250 4167 322 4243 θέλῃ
346 4189 395 4239 pro
415 4165 510 4242 ἐθέλῃ,
536 4172 608 4224 clare
632 4173 712 4224 docet
736 4174 805 4223 liber
823 4172 996 4238 Gorliconsis,
1023 4175 1100 4239 cujus
1117 4175 1241 4226 librariae

202 4262 303 4312 iteratis
319 4262 418 4327 partim
437 4261 636 4325 quae-primum
655 4261 725 4311 male
740 4263 892 4327 scripserat,
912 4261 1005 4311 eadem
1020 4279 1100 4312 manu
1114 4265 1242 4314 continuo

202 4352 263 4414 post
273 4342 303 4399 la
316 4343 434 4416 μουσῶν
446 4348 486 4397 ita
498 4347 601 4412 porgit:
619 4340 671 4396 ιιιῖσ
687 4342 780 4397 ἰ’ππων
797 4342 850 4397 ὑπο
868 4347 980 4416 πτέρων
993 4342 1147 4409 ζεύξασθαι
1158 4342 1239 4413 θέλῃ.

202 4428 252 4487 κᾶν
271 4430 367 4488 ἵππων
389 4428 556 4505 ὑποπτέρων
580 4426 657 4503 ἅρμα
683 4426 838 4496 ζεύξασθαι
862 4428 956 4502 ἐθέλῃ.
984 4434 1060 4489 Adeo
1079 4436 1168 4489 scriba
1189 4435 1242 4488 hoc

992 4518 1034 4576 ³*
