3050 5160
661 482 804 539 ηαυπτ.
1176 454 1248 524 231

211 653 306 723 κοινά
328 660 433 723 ταῦτα
454 658 476 697 ⁴*
500 652 558 721 ούκ
580 652 731 744 ίγραφεν,
763 652 786 740 ἢ
811 655 872 721 ὅσα
895 651 986 721 πάνυ
1008 653 1110 744 ὀλίγα,
1142 656 1251 742 ἥρωας
1269 670 1318 723 8⁴1

211 757 360 845 ἢθεσδς
387 758 617 845 ἢπολέμους,
650 758 700 824 άεί
730 758 765 825 δὲ
793 772 996 827 καινοποιεῖν
1017 764 1167 844 ἐπειρᾶτο
1198 760 1254 827 καί

211 890 244 931 τι
277 862 455 931 ἀλλύκοτον
486 863 529 931 ἂν
556 864 610 928 καί
643 864 736 938 ξένον
765 861 942 950 ἐπινοήσας
975 863 1023 930 ἐπ’
1056 864 1161 953 ἐκείνφ
1190 861 1253 949 τὴν

214 967 380 1056 ἀκρίβειαν
407 975 468 1053 τῆς
499 969 611 1057 τέχνης
645 966 869 1034 ἐπεδείκνυτο·
913 974 948 1035 έν
978 968 1013 1035 δύ
1044 982 1114 1044 τοῖς
1147 969 1254 1044 ἄλλοις

212 1071 404 1160 τολμήμασι
426 1072 479 1138 καί
501 1070 642 1157 θήλειαν
658 1070 938 1160 Ἱπποκένταυρον
961 1072 979 1139 ὁ
1001 1075 1117 1151 Ζεῦξις
1140 1074 1255 1160 έποίη-

216 1202 284 1257 σιν,
321 1173 571 1263 ἀνατρέφουσάν
603 1204 641 1266 γε
673 1177 809 1262 προσέτι
840 1176 960 1245 παιδίω
988 1177 1253 1266 Ἱπποκενταύρω

215 1279 342 1369 διδύμω
364 1280 486 1370 κομιδῇ
508 1282 628 1367 νηπίω.
674 1289 734 1364 της
769 1279 892 1357 είκύνος
912 1281 1034 1368 ταύτης
1057 1281 1255 1374 ἀντίγραφός
1307 1290 1312 1305 ’

214 1391 281 1452 ἐστι
313 1393 373 1453 νύν
403 1384 590 1472 Ἀθήνησι,
636 1383 721 1472 πρὸς
761 1385 867 1472 αύτην
899 1388 1025 1473 ἐκείνην
1059 1388 1182 1476 ἀκριβεῖ
1212 1396 1253 1477 τῇ

216 1487 355 1581 στάθμη
377 1492 655 1580 μετενηνεγμένη·
702 1489 741 1556 τύ
765 1490 947 1580 ἀρχέτυπον
970 1491 1000 1558 δ’
1028 1490 1109 1559 αὐτὸ
1131 1492 1256 1569 Σύλλας

217 1593 430 1682 ύῬωμαίων
458 1593 638 1685 στρατηγὸς
668 1586 790 1684 ἐλέγετο
819 1594 905 1680 μετὰ
934 1604 1000 1663 των
1030 1596 1132 1663 ἄλλων
1165 1597 1255 1681 [σκύ-

215 1701 291 1784 λων]
316 1704 362 1776 είς
379 1700 521 1766 Ἰταλίαν
542 1701 774 1786 πεπομφέναι,
800 1699 868 1766 εἶτα
891 1702 965 1787 περί
976 1703 1127 1782 Μαλέαν,
1147 1700 1253 1789 οἶμαι,

216 1803 403 1892 καταδύσης
435 1810 495 1890 τῆς
528 1802 664 1878 ὁλκάδος
698 1803 885 1871 ἀπολέσθαι
925 1807 1058 1872 ἅπαντα
1099 1807 1153 1871 καί
1193 1803 1257 1891 την

215 1907 357 1997 γραφήν.
404 1908 492 1996 πλην
521 1906 601 1974 ἀλλά
634 1905 698 1992 τήν
724 1934 762 1997 γε
793 1906 903 1975 είκύνα
931 1917 991 1994 τῆς
1021 1910 1146 1988 είκύνος
1180 1908 1256 1978 ίδαλν

114 2028 116 2032 ‘
216 2016 270 2080 καί
299 2012 399 2090 αὐτὸς
424 2015 517 2101 ύμῖν,
549 2013 592 2089 ὡς
622 2011 665 2080 ἀν
687 2010 757 2087 οίύς
778 2038 814 2079 τε
836 2010 872 2093 ὦ,
905 2014 994 2091 δείξω
1015 2023 1060 2104 τῷ
1089 2013 1183 2106 λύγφ,
1216 2016 1254 2082 ού

217 2117 267 2207 μδ
289 2119 350 2188 τὸν
372 2120 436 2187 Δία
465 2116 622 2209 γραφικός
642 2142 691 2192 τις
714 2116 770 2197 σίν,
803 2116 882 2184 ἀλλὰ
905 2117 997 2185 πάνυ
1017 2122 1195 2207 μέμνημαι
1218 2120 1258 2188 ού

219 2223 284 2310 πρὸ
308 2226 431 2292 πολλοῦ
456 2224 532 2291 ίδοίν
556 2229 590 2290 έν
612 2248 702 2297 τινος
729 2229 793 2289 τῶν
815 2224 966 2312 γραφέων
984 2222 1169 2309 Ἀθήνησι·
1203 2226 1258 2291 καί

219 2328 257 2397 τδ
280 2328 547 2417 ὑπερθαυμάσαι
568 2326 644 2396 τύτε
664 2325 725 2414 τήν
747 2328 863 2417 τέχνην
883 2326 948 2418 τάχ’
974 2327 1018 2396 άν
1038 2354 1099 2415 μοι
1119 2330 1173 2395 καί
1195 2337 1258 2397 νῦν

219 2431 303 2521 πρὸς
333 2431 373 2501 τύ
407 2435 605 2522 σαφέστερον
640 2433 783 2519 δηλῶσαι
817 2432 1084 2522 συναγωνίσαιτο.
1131 2437 1164 2500 4.
1203 2435 1257 2499 έπί
1299 2465 1301 2469 ’

219 2536 313 2627 χλάης
340 2538 505 2615 εὐθαλοῦς
532 2537 554 2625 ἡ
578 2539 771 2624 Κένταυρος
798 2538 882 2623 αάτη
906 2538 1086 2624 πεποίηται
1116 2526 1175 2627 ύλη
1196 2543 1258 2624 μέν

219 2649 260 2731 τῇ
283 2649 373 2730 ἵππῳ
401 2645 505 2733 χαμαί
533 2644 678 2729 κειμένη,
711 2642 764 2708 καί
793 2640 1014 2710 ἀποτέτανται
1043 2647 1089 2719 είς
1113 2643 1259 2711 τούπίσω

221 2750 252 2813 ολ
273 2745 393 2823 πύδες·
422 2745 460 2815 τὸ
484 2747 520 2815 δὲ
540 2758 725 2837 γυναικεῖον
742 2747 825 2814 ὅσον
837 2746 939 2832 αὐτῆς
959 2746 1068 2834 ἡρέμα
1091 2745 1260 2836 ἐγήγερται

220 2852 274 2917 καί
312 2851 360 2917 ἐπ’
396 2848 540 2942 ἀγκῶνάς
572 2857 676 2933 ἐστιν,
720 2855 751 2918 σί
784 2851 820 2918 δὲ
852 2849 955 2926 πύδες
994 2856 1026 2918 οί
1064 2851 1272 2939 έμπροσθεν’

222 2954 328 3023 σύκέτι
349 2957 403 3023 καλ
426 2949 516 3023 οὗτοι
540 2954 726 3042 ἀποτάδην,
757 2953 828 3023 οἷον
851 2956 906 3023 ini
928 2953 1074 3043 πλευράν
1094 2957 1257 3042 κειμένης,

223 3058 285 3127 ἀλλ’
310 3060 329 3127 ὁ
350 3064 417 3149 μίν
438 3059 606 3142 ὀκλάζοντι
635 3061 740 3130 ἔοικεν
762 3060 807 3129 σίν
828 3060 1002 3148 καμπύλος
1029 3059 1261 3151 ἀπεσταλμένη

292 3277 317 3327 ⁴.
354 3271 500 3344 ἐγήγερται
518 3276 638 3327 Cohetus
657 3277 688 3329 V.
706 3277 738 3327 L.
762 3293 789 3341 p.
808 3275 868 3331 243.
906 3269 1058 3344 έπήγερται
1080 3275 1141 3326 libri
1162 3277 1259 3327 Lucia-

223 3364 278 3413 nei.
315 3358 505 3431 έπιγείγερται
522 3364 610 3426 Bodi,
628 3364 700 3414 unde
718 3364 884 3414 Jacobitius:
905 3356 1096 3431 έπεγήγερται.
1169 3358 1262 3412 οὐκέτι

224 3451 303 3501 Bodi.
322 3468 372 3517 pro
391 3445 441 3500 οὐκ
459 3446 508 3500 ἔτι.
583 3454 630 3500 καὶ
648 3437 736 3515 σάκει]
755 3453 801 3500 καλ
820 3444 900 3500 αὐτοὶ
919 3451 995 3501 Bodi.
1067 3445 1113 3500 ἐπὶ
1129 3443 1262 3516 πλευρὰν]

226 3531 396 3605 ίπιπλεαρίιν
414 3556 438 3590 n.
475 3531 644 3604 έπιπλευρσν
669 3539 746 3588 ΒοάΙ.
827 3534 918 3586 έόικεν
941 3532 980 3587 δίν
1002 3530 1144 3602 καμπύλαι
1164 3539 1212 3590 TV
1236 3544 1263 3588 et

226 3626 344 3690 (praeter
362 3624 535 3692 aileddaett.
555 3621 647 3675 έοιιιεν
664 3620 679 3674 i
698 3618 840 3689 καμπύλος
853 3625 905 3676 Oa.
941 3622 1016 3675 έσικι
1034 3618 1262 3691 καμπυλσςΒοδί.

295 3705 423 3778 ἔμπαλιν]
440 3706 526 3762 πάλιν
543 3714 621 3765 Bodl.
692 3704 854 3779 τουδάφσνε
876 3713 953 3763 Bodl.
980 3708 1031 3762 τοῦ
1055 3705 1178 3779 ίδάφσας
1201 3713 1262 3763 libri

226 3800 365 3851 Lueianei.
437 3792 494 3849 οἷον
513 3792 583 3850 εἰσιν
600 3793 630 3850 σί
644 3793 728 3849 ἰ’πποι
744 3793 1004 3865 πειρώμενσιΒοδί.
1024 3790 1085 3850 σίάν
1101 3790 1263 3850 είτινίπποι

225 3881 399 3956 πειρώμενοι
415 3887 477 3938 iibri
494 3888 634 3939 Lucianei.
672 3886 792 3938 Cobetus
810 3887 842 3938 V.
861 3886 891 3937 L.
912 3903 938 3952 p.
958 3886 1024 3941 24³:
1051 3879 1110 3937 σίσί
1131 3877 1201 3937 εἰσιν
1217 3882 1263 3936 ‘ln-

225 3990 281 4025 που
298 3973 474 4043 πειρωμένου
493 3974 612 4040 conjecit
629 3976 739 4041 ignarus
757 3973 908 4039 Bodlejam'.
980 3967 1036 4024 άνω
1056 3991 1098 4026 om
1116 3975 1194 4027 Bodi.

228 4056 297 4128 οὔτε)
318 4057 347 4113 έν
365 4078 408 4113 σιω
418 4061 496 4113 Bodl.
518 4068 545 4113 et
564 4055 642 4127 αύτῆ,
663 4062 735 4130 quod
753 4062 817 4113 ferri
835 4077 915 4127 posse
932 4060 1042 4128 largior,
1060 4069 1092 4114 ut
1108 4067 1263 4128 suspectum

227 4150 334 4202 inclusi.
413 4144 529 4215 μαστὸν]
547 4146 661 4215 μασθὸν
678 4149 756 4200 Bodi.
837 4140 907 4213 τίον]
931 4140 992 4199 οἷον
1015 4143 1051 4202 ὡς
1068 4149 1145 4201 Bodi.
1223 4164 1265 4202 τιτ
1321 4148 1324 4153 ’

229 4255 272 4289 om
295 4237 374 4288 Bodl.
454 4228 526 4304 ἀνὴρ
554 4230 658 4290 ἐκεῖνος
682 4236 717 4286 Φ.
756 4230 827 4301 ἀνὴρ
851 4229 954 4289 ἐκείνοι
977 4233 1039 4298 (εἰσ)
1062 4235 1099 4287 Π.
1135 4240 1164 4287 ελ
1189 4241 1264 4286 reete

229 4319 301 4393 ἀνὴρ
326 4316 432 4387 ίκείνητ
453 4323 555 4375 caetori
577 4329 605 4374 et
627 4323 705 4375 Bodl.
785 4316 889 4385 ἀνέχων
911 4317 946 4392 τῇ
971 4313 1061 4387 δεξιᾷ]
1085 4317 1153 4386 έχων
1177 4316 1207 4371 έν
1229 4316 1264 4385 τῆ

230 4404 311 4470 δεξιά
330 4409 408 4462 Βσδί.
650 4408 652 4411 ’
