3108 5166
265 421 337 505 120
666 441 894 495 nonnanes

260 605 498 695 ἀμελούμεναι.
535 609 614 697 ὁρᾷς
636 611 723 680 ὅσον
744 611 883 700 ἀγαθῶν
905 610 922 678 ὁ
945 610 1060 700 χρυσὸς
1082 614 1195 692 αἴτιος,
1221 614 1254 679 εἴ
1262 638 1301 701 γε

259 713 314 779 καί
334 726 512 800 μεταποιεῖ
530 712 608 790 τοάς
631 712 803 803 ἀμόρφους
823 716 877 781 καί
892 714 1068 803 ἐρασμίους
1085 714 1299 806 ἀπεργάζεται

192 835 242 891 ⁷25
259 818 370 905 ὥσπερ
393 823 413 861 ⁴*
436 817 455 884 ὁ
478 817 647 905 ποιητικὰς
669 824 788 896 ἐκεῖνος
809 817 940 900 νεστόςς
963 817 1090 896 ἀασάεις
1111 820 1213 887 dirui
1234 828 1299 888 τῶν

260 928 409 1007 ποιητῶν
430 921 602 1011 λεγόντοιν·

385 1021 409 1091 ἀ
430 1026 703 1115 χρυσὲ,,ἀεξίιομα
725 1026 895 1095 κάλλιπον
918 1030 1075 1116 [βροτοῖς]

259 1111 314 1178 ναί

382 1197 504 1288 χρυσὸς
519 1198 582 1289 γάρ
604 1205 691 1268 ἐστιν
714 1202 750 1276 ὃς
769 1203 897 1288 βροτῶν
920 1205 980 1290 ἔχει
1001 1199 1115 1288 κράτη.

260 1298 339 1368 ἀλλά
361 1302 395 1369 τί
418 1301 542 1389 μεταξὺ
571 1305 733 1393 ἐγέλασας,
767 1300 1013 1392 ώάλεκτρυών,·
1061 1306 1109 1370 15.
1143 1306 1294 1372 AAEK.

260 1407 309 1471 ὅτι
331 1404 387 1472 ἀπ’
411 1405 556 1496 ἀγνοίας,
582 1402 774 1486 ώΜίιιυλλο,
799 1409 852 1474 καί
876 1406 917 1475 σι)
937 1405 979 1475 τά
1004 1409 1107 1497 ὅμοια
1126 1422 1195 1483 τοῖς
1216 1412 1299 1474 πολ-

259 1510 327 1585 λοῖς
349 1508 548 1597 ἐξηπάτησαι
570 1512 644 1597 περί
666 1518 731 1577 τῶν
753 1511 928 1578 πλουσίων·
954 1516 986 1578 oi
1007 1512 1036 1578 θ’
1059 1509 1096 1578 εὖ
1119 1516 1190 1579 ίσθι
1212 1510 1299 1578 πολι)

195 1648 208 1667 ι
259 1612 354 1701 ἀμῶν
376 1612 575 1701 ἀθλιώτερον
595 1612 655 1681 τὸν
674 1615 750 1701 βίον
770 1616 890 1701 βιοῦσι·
914 1617 993 1705 λε’γσι
1023 1615 1060 1682 ἀὲ
1082 1641 1134 1683 σοι
1163 1617 1216 1682 καί
1238 1616 1299 1681 πέ-

260 1742 321 1803 νης
342 1718 395 1783 ναί
417 1716 573 1793 πλούσιος
600 1714 753 1794 πολλάκις
780 1718 959 1807 γενόμενος
988 1722 1041 1785 καί
1070 1717 1195 1795 παντὸς
1221 1719 1299 1807 βίου

260 1822 512 1908 πεπειραμένος·
543 1820 629 1909 μετὰ
658 1822 776 1910 μικρὸν
806 1824 841 1889 ἀὲ·
862 1824 916 1889 καί
945 1821 1043 1898 αὐτὸς
1073 1827 1295 1913 stirpescere.

260 1924 371 1992 MJK.
396 1922 437 2010 νὴ
454 1924 531 2005 Δία,
556 1923 666 2013 καιρὸς
686 1935 769 2016 γοῦν
789 1927 855 2013 ἤδη
878 1928 932 1994 ναί
955 1932 990 1995 ολ·
1013 1932 1116 1995 εἰπεῖν
1130 1929 1219 2003 ὅπως
1239 1926 1299 2012 ἡλ-

260 2139 374 2189 fertasse
390 2138 424 2187 Φ.
498 2133 596 2193 ἑαυτὰς
608 2140 694 2190 ACA.
715 2134 800 2194 αάτάς
814 2140 890 2192 &GV
900 2146 927 2191 et
937 2157 962 2190 v.
1035 2134 1296 2206 ἀμόρφοαςλῢΤν.

261 2218 439 2290 ἀμφοτέρους
457 2224 491 2274 Φ.
513 2220 725 2294 ἀμορφοτέρους
743 2245 768 2279 v.
839 2220 979 2291 ἀεξίωμαῙ
993 2220 1112 2291 ἀεξιάμα
1132 2228 1163 2277 G.
1233 2220 1297 2275 κάλ·

260 2305 354 2361 λιστον
372 2308 502 2380 [Aperuit]
521 2314 678 2378 conjectura
692 2314 857 2365 Schmiederl
872 2332 889 2365 a
902 2314 1009 2378 Gtrysto
1023 2314 1182 2379 Reitsioque
1196 2315 1297 2364 moniti.

259 2393 406 2450 κάλλιστον
421 2402 454 2452 A.
472 2394 617 2451 κάλλιπον
634 2402 731 2469 nepas
751 2402 777 2450 Φ
791 2408 819 2452 et
831 2419 856 2452 r.
880 2403 933 2452 Hie
949 2414 1044 2451 versus
1059 2401 1094 2451 ab
1108 2400 1248 2450 Athenaeo
1261 2401 1298 2451 IV

260 2504 286 2553 p.
300 2486 371 2537 teth
390 2494 418 2538 et
434 2494 537 2552 septem
555 2488 668 2539 aliorum
683 2492 841 2555 scriptorum
856 2488 923 2538 locis
938 2488 1059 2538 collectis
1072 2487 1125 2537 illis
1139 2504 1156 2537 ιι
1169 2487 1297 2537 Matthiae

260 2575 353 2638 Eurip.
371 2574 480 2639 Fragm.
499 2590 525 2639 p.
548 2572 593 2625 let
619 2579 647 2626 et
664 2592 682 2626 ιι
700 2576 836 2640 Wagnero
854 2592 881 2640 p.
901 2573 951 2625 1⁴2
968 2591 1008 2640 sq.
1027 2580 1101 2625 recte
1124 2577 1163 2625 ita
1179 2574 1298 2634 affertur,

234 2648 284 2710 ·ιά
300 2656 391 2725 grisei,
419 2651 543 2725 δεξίωμα
561 2654 707 2712 κάλλιπον
722 2660 844 2728 βροτοῖς,
869 2664 906 2712 lta
930 2668 961 2711 ut
983 2663 1131 2726 scripturae
1154 2654 1299 2713 minoas

260 2746 359 2815 ιιτίραε
381 2747 483 2797 nullum
507 2762 619 2812 usquam
639 2750 780 2813 vestigium
799 2751 835 2799 sit
852 2753 1039 2813 praeterquam
1058 2750 1085 2798 in
1103 2746 1224 2798 Lucieno
1242 2754 1297 2797 tum

259 2835 313 2886 hoe
332 2834 404 2885 Galli
420 2835 482 2885 lece
501 2838 557 2885 tum
576 2836 604 2886 in
622 2836 736 2887 'I'imone
755 2850 779 2887 c.
799 2832 841 2897 tt,
860 2836 906 2885 ubi
924 2837 1025 2885 caeteri
1044 2835 1123 2885 codd.
1141 2841 1215 2885 recte
1233 2827 1296 2882 ιιάλ-

259 2915 353 2973 λιστον
370 2919 492 2987 βροτοῖς,
519 2922 568 2973 sed
584 2923 759 2988 Augustanus
784 2921 916 2983 (fortassis
934 2938 949 2971 s
969 2922 1039 2973 Galli
1057 2921 1130 2983 leco)
1152 2914 1298 2971 κάλλιπον

259 3009 365 3072 ιιτίραο
393 3009 472 3070 Quod
490 3009 651 3061 vocabulum
670 3026 751 3076 quum
765 3011 893 3075 Euripide
913 3009 1021 3073 dignum
1041 3011 1076 3060 sit
1092 3025 1181 3073 neque
1194 3009 1296 3073 glosse-

260 3097 339 3146 matis
356 3096 473 3159 speciem
492 3096 600 3160 habeat,
625 3097 740 3161 conjicio
759 3098 785 3146 in
804 3097 913 3148 scholiis
932 3096 1003 3147 Galli
1021 3097 1167 3160 deperditis
1185 3096 1296 3144 similem

259 3198 366 3232 versum
385 3182 456 3233 liunc
474 3183 530 3233 t'ere
548 3182 659 3233 allatum
676 3185 768 3245 luisse,
793 3178 826 3245 „ir
843 3178 942 3250 χρυσὸς
959 3175 1137 3246 ἀνθρώποισι
1154 3174 1298 3230 κάλλιστον

259 3264 385 3335 ατίριιι,“
410 3267 522 3333 ejusque
546 3268 626 3319 finem
650 3286 666 3321 e
690 3272 811 3335 margine
837 3271 864 3319 in
881 3275 984 3321 textmn
1001 3271 1151 3335 irrepsisse.
1179 3268 1233 3318 Sed
1252 3270 1296 3332 qni

260 3358 288 3406 in
307 3356 386 3406 Gallo
404 3360 492 3407 exstat
507 3371 612 3417 versus,
631 3358 652 3406 is
670 3359 728 3422 ipse
747 3373 764 3408 α
782 3356 889 3407 Seneca
906 3358 990 3421 Epist..
1006 3356 1078 3407 CXV
1097 3356 1298 3420 Bellerophonti

259 3443 396 3507 Euripidis
420 3442 537 3503 adscribi
561 3443 676 3505 videtur,
702 3445 747 3494 cni
771 3444 893 3495 Senecae
920 3444 981 3494 loeo
1006 3448 1037 3493 ut
1060 3443 1193 3493 erroribus
1217 3442 1297 3506 pleno

260 3530 327 3581 nihil
349 3529 430 3578 tribui
454 3545 532 3593 pesse
556 3531 591 3580 nd
608 3531 743 3595 Aristoplr.
761 3531 852 3582 llnnas
870 3547 895 3595 p.
915 3528 949 3579 68
966 3531 1058 3580 monui
1076 3546 1109 3580 ac
1126 3530 1216 3593 potius
1236 3528 1296 3577 Ste·
1372 3564 1378 3576 .

260 3618 330 3667 base
348 3615 419 3678 xci,
440 3615 523 3667 Asel.
538 3617 578 3666 111
596 3614 682 3681 pm
701 3617 743 3667 ed.
760 3618 843 3668 Gaisf.
863 3617 1067 3668 adsentiendum
1087 3631 1157 3676 asse,
1175 3617 1202 3665 in
1220 3613 1297 3678 cujus

261 3703 356 3755 codiee
380 3704 502 3754 Parisino
525 3703 570 3753 liic
593 3718 688 3753 versus
710 3704 746 3754 ad
769 3705 884 3755 Danaen
907 3704 1043 3767 Euripidis
1067 3703 1189 3754 refertur.
1217 3703 1295 3751 Com·

260 3791 385 3856 prubsvit
397 3795 517 3840 extrema
524 3791 557 3840 A.
565 3789 701 3840 Naurlrius
711 3791 791 3855 Trag.
803 3791 849 3841 Gr.
859 3791 916 3840 Frr.
928 3807 953 3855 p.
965 3789 1024 3853 363,
1039 3805 1118 3855 quem
1129 3790 1222 3839 confer
1232 3788 1295 3837 ibid.

260 3895 287 3942 p.
298 3876 357 3927 68⁹.
375 3878 416 3927 Ex
431 3877 524 3927 sallem
534 3878 629 3929 Danae
643 3879 791 3942 proximum
806 3893 914 3942 quicque
927 3893 1042 3937 versum,
1055 3873 1196 3943 χρυσὸς·-
1208 3869 1294 3940 κράτη

260 3965 368 4014 fluxisse
381 3963 497 4027 conjicio
509 3965 558 4014 sed
572 3966 697 4030 conjicio,
711 3982 763 4017 nen
775 3966 914 4015 adserere.
934 3965 975 4014 cf.
986 3964 1092 4015 Gallum
1102 3968 1223 4015 noenum
1232 3979 1256 4012 e.
1267 3961 1297 4011 ts

261 4051 331 4101 med.
351 4057 378 4101 st
395 4051 535 4101 'l'imoneur
553 4068 577 4101 c.
597 4050 626 4101 lt
648 4052 693 4102 fin.
764 4044 892 4118 ε’γίλιισαι
909 4050 961 4102 ΛΦ
979 4056 1006 4100 et
1023 4067 1049 4100 r.
1069 4043 1161 4116 ἐγέλας
1178 4050 1239 4100 LA.

333 4137 372 4188 15.
390 4140 456 4204 περὶ
475 4154 516 4188 om
526 4138 560 4188 G.
631 4131 662 4188 οἱ
677 4132 701 4187 δ’
722 4140 772 4189 dra.
792 4130 845 4186 οἵδ’
866 4154 889 4187 τ.
910 4130 940 4185 οἱ
956 4129 986 4187 ἀί
1005 4139 1061 4188 AG.
1131 4129 1202 4186 πολὺ
1220 4129 1298 4199 ὑμῶν

263 4218 437 4291 ἀθλιώτερον
454 4227 486 4275 A.
503 4219 575 4275 πολὺ
593 4221 673 4290 ἡμῶν
691 4219 867 4291 ἀθλιώτερον
885 4225 919 4271 Φ.
945 4220 1024 4288 ἡμῶν
1046 4240 1095 4289 pro
1114 4219 1192 4288 ἀμών
1216 4225 1296 4272 etiam
1399 4218 1405 4228 '

261 4312 339 4363 [Λα.
361 4305 432 4362 πολὺ
457 4305 634 4378 ἀθλιώτερον
658 4307 735 4377 ἀμών
753 4329 778 4363 v.
848 4308 898 4363 τὸν
916 4311 942 4360 Φ
967 4320 995 4361 et
1012 4329 1036 4362 v.
1062 4312 1111 4362 sed
1133 4327 1187 4361 em.
1207 4311 1238 4359 A.

261 4394 364 4455 πανιάι
376 4400 434 4453 AG.
454 4393 574 4453 ἅπαντας
593 4398 619 4447 Φ
637 4404 663 4449 et
680 4416 706 4450 v.
727 4400 767 4451 Cf.
786 4399 855 4451 intra
872 4415 896 4450 c.
915 4398 946 4453 21
966 4400 1023 4451 init.
1093 4392 1188 4464 ἀκουε]
1207 4397 1297 4449 malim
