3046 5166
257 329 348 385 mm
642 280 930 387 ruounconnun'

253 482 418 550 Plutonem
446 480 584 549 menime
610 481 812 551 Aristotelem
841 487 874 548 et
894 480 1083 568 Epicurum,
1116 484 1230 567 quihus
1257 484 1294 551 in

253 604 321 671 solo
342 602 537 671 Hermotimo
558 623 622 669 non
644 603 797 690 pepercit,
818 602 896 669 slihi
917 600 1091 672 admiratus
1114 611 1171 672 est
1204 604 1293 683 Quos

254 745 349 809 quum
381 724 550 811 Menippus
577 722 765 791 (luderemus
798 722 863 790 suis
895 724 929 790 in
961 725 1078 792 saum
1110 733 1197 794 certo
1229 732 1292 793 trs

252 844 386 932 duxerit,
408 846 455 913 sic
477 845 622 913 existimo
645 853 700 912 sut
721 844 950 913 Hermotimum
982 845 1133 931 sntiqnse
1164 854 1292 915 saturae

252 968 294 1034 ab
316 968 387 1054 ipso
404 966 556 1054 Menippo
578 967 718 1053 scriptae
739 988 857 1034 nouom
878 986 949 1035 esse
970 968 1187 1036 recensionem
1209 966 1292 1053 (δια-

253 1084 404 1173 σκευὴν),
440 1095 497 1155 sut
528 1096 614 1155 certe
645 1088 789 1175 Menippi
820 1108 946 1173 qnoque
978 1088 1118 1173 aliquam
1150 1095 1292 1157 sauram

251 1209 341 1294 ,περὶ
364 1209 526 1293 alpicser‘
549 1210 719 1296 exstitisse,
748 1229 789 1277 ex
811 1230 875 1294 qus
904 1210 938 1276 in
959 1209 1154 1278 Hermotimo
1176 1210 1290 1279 Lucis-

250 1350 310 1396 nus
332 1331 464 1397 multum
485 1331 662 1417 proiecerit.
696 1329 813 1410 Quaeri
836 1332 932 1398 etism
953 1331 1032 1399 illud
1050 1338 1165 1418 potest,
1186 1333 1291 1417 qualis

250 1453 321 1539 ipse
342 1452 502 1521 Lucienus
534 1453 628 1521 luerit
659 1452 883 1540 philosophus,
916 1453 957 1520 de
987 1473 1051 1538 qus
1078 1473 1114 1521 re
1142 1452 1198 1521 alii
1225 1453 1291 1521 slis
1353 1493 1357 1501 ·

251 1573 357 1641 dicere
378 1580 412 1641 et
432 1595 473 1641 nc
495 1573 599 1642 cidem
621 1574 749 1659 quidem
778 1574 839 1643 sibi
860 1575 939 1643 setis
965 1582 1111 1645 censure
1132 1575 1236 1643 solent
1245 1576 1287 1658 ⁸).

249 1695 287 1762 ln
308 1695 490 1763 uniuersum
512 1696 648 1783 adparet
668 1696 890 1783 philosophiae
911 1718 1015 1781 neque
1043 1716 1172 1784 prorsus
1199 1696 1288 1783 igne-

250 1836 319 1881 rum
340 1835 399 1884 nec
420 1836 528 1885 rursus
550 1823 638 1885 tanto
660 1819 787 1885 nomine
808 1819 887 1887 estis
908 1819 1040 1906 dignum
1060 1818 1158 1887 fuisse
1187 1817 1288 1906 philo

250 1936 393 2024 sophum.
421 1936 587 2023 Quumque
602 1959 724 2007 mcmm
742 1938 918 2008 docuinam
934 1939 1132 2027 potissimum
1149 1938 1287 2024 duceret,

248 2058 282 2125 in
303 2058 386 2126 alies
406 2056 593 2147 disciplinas
615 2080 651 2128 se
673 2061 817 2128 exhihuit
844 2061 1043 2146 iniquiorem.
1093 2061 1182 2127 Bene
1202 2060 1287 2127 wie

248 2178 361 2248 unum
393 2179 436 2248 sd
458 2181 521 2250 Vit.
544 2182 634 2251 Aust
658 2203 685 2250 s.
711 2184 751 2250 14
775 2183 828 2269 (T.
846 2183 863 2249 Ι
883 2183 992 2268 puto
1013 2179 1087 2251 edu
1111 2183 1184 2267 20):
1207 2200 1287 2268 ,spe-

315 2440 343 2512 *)
376 2444 408 2501 G.
427 2444 548 2501 Ghlehns
575 2441 639 2512 (‚Ds
656 2443 778 2500 Lucieno
803 2442 988 2513 philosopho,
1015 2444 1138 2500 Berolini
1161 2461 1186 2501 u
1206 2441 1285 2513 1838)

247 2531 399 2589 Lueisnnm
424 2532 540 2603 conjicit
565 2530 684 2602 Nigrino
711 2530 786 2586 edito
812 2530 1005 2604 philosophiae
1032 2532 1177 2588 ducendae
1203 2549 1287 2588 cuum

247 2619 371 2674 sthenes
388 2635 417 2673 se
434 2618 618 2684 trenstnlisse,
641 2617 688 2672 sed
711 2618 766 2671 hoc
789 2617 935 2672 consilium
953 2618 1048 2686 paullo
1072 2620 1136 2689 post
1154 2618 1285 2690 abjecisse

248 2700 286 2776 (p.
297 2700 342 2772 27)
360 2707 390 2759 et
406 2707 518 2759 tentum
536 2704 665 2770 abfuisse,
683 2705 717 2758 ut
729 2703 960 2776 philosophorum
973 2705 1123 2776 praecepte
1136 2704 1285 2760 imbiberet

247 2788 284 2860 (p.
295 2788 347 2857 34),
365 2793 398 2846 nt
414 2792 525 2847 nclitum
543 2790 580 2846 ed
590 2790 796 2863 philosophiam
809 2790 863 2845 sibi
876 2792 1051 2860 praeclusum
1064 2792 1172 2847 uideret
1180 2787 1220 2861 (p.
1229 2787 1284 2859 55).

246 2874 319 2933 Hinc
335 2894 398 2933 enm
416 2894 559 2948 nunquam
576 2877 660 2931 luisse
678 2892 767 2947 neque
778 2877 954 2933 Platonicum
971 2894 1060 2949 neque
1068 2878 1286 2947 Peripateticum

246 2981 335 3033 neque
352 2963 476 3020 Stoicum
495 2961 532 3033 (p.
552 2959 606 3031 35),
634 2980 669 3018 ne
685 2964 852 3032 Epicureum
869 2963 981 3032 quidem
1000 2970 1034 3034 lp.
1053 2964 1088 3018 46
1106 2960 1177 3034 sqq.)
1195 2980 1284 3034 neque

246 3050 381 3121 cynicum
398 3047 438 3121 (p.
455 3052 490 3107 38
506 3047 588 3121 sqq),
615 3051 740 3107 omnium
756 3067 823 3107 vero
840 3050 955 3107 minime
972 3050 1129 3120 Scepticnm
1145 3046 1184 3120 (p.
1205 3050 1237 3105 19
1254 3052 1286 3106 st
1385 3054 1393 3073 ¹

246 3138 365 3193 maxime
381 3156 407 3208 p.
426 3136 479 3205 36),
497 3138 545 3194 sed
562 3138 586 3194 si
601 3137 783 3207 philosophus
800 3137 906 3205 finisset,
923 3138 1052 3193 futurum
1069 3137 1153 3193 tuisse
1164 3137 1285 3210 Aristip-

186 3243 188 3247 ’
245 3240 328 3293 psum
345 3221 381 3291 (p.
397 3222 441 3289 53)
458 3225 515 3279 sive
534 3223 723 3294 Cyrenaicum.
764 3225 803 3279 At
823 3224 943 3280 Chlebus
960 3225 1029 3280 baec
1045 3224 1151 3296 pertim
1168 3223 1284 3291 collegit

245 3329 260 3367 s
278 3311 398 3383 dialogis
415 3312 566 3383 suppositis
588 3311 666 3367 velut
683 3312 820 3381 scyrico
837 3309 872 3381 (p.
892 3312 945 3379 38),
969 3329 1003 3367 ex
1020 3311 1176 3376 Amcn'bns,
1198 3310 1282 3366 Lucio

245 3397 283 3469 (p.
301 3394 344 3463 50)
369 3398 441 3453 aliis.
491 3398 608 3453 Photius
633 3398 707 3453 Bihl.
731 3398 791 3453 eod·
818 3398 867 3453 128
893 3399 1046 3455 Lucisnum
1076 3399 1160 3467 putet
1188 3398 1283 3452 omnis

244 3484 473 3557 philosophorum
500 3486 611 3540 decreto
633 3486 764 3541 evertisse
789 3487 883 3557 potius
905 3501 990 3555 quem
1013 3487 1104 3554 ipsum
1129 3484 1282 3554 quidquem

245 3574 374 3639 sanxisse,
393 3574 442 3630 md
457 3573 625 3641 Epicureum
642 3571 726 3626 fuisse
743 3571 815 3627 dixit
833 3571 865 3627 G.
880 3572 905 3628 J.
919 3571 1032 3627 Vossius
1048 3573 1084 3627 de
1100 3571 1165 3627 hist
1180 3589 1223 3641 gr.
1238 3570 1282 3627 lit

244 3660 280 3726 H,
299 3661 340 3727 15,
358 3660 526 3716 Eclecticnm
544 3661 639 3716 sutem
657 3658 780 3715 Brncker
796 3658 868 3713 Hist.
886 3659 948 3715 crit.
967 3658 1067 3727 philos.
1085 3657 1114 3713 T.
1132 3659 1161 3715 Π
1177 3675 1205 3729 p.
1220 3658 1281 3711 615.

245 3745 524 3818 Trendelenhurgins,
541 3746 576 3803 V.
592 3746 642 3812 (u,
660 3746 849 3816 interrogsnti
866 3744 936 3801 mihi
953 3744 1105 3816 respondit,
1122 3744 1213 3800 uideri
1228 3742 1282 3799 sibi

244 3832 398 3888 Lucisnum
415 3850 505 3903 neque
521 3835 614 3907 ipsum
631 3832 830 3904 philosophum
847 3831 930 3888 fnisse
948 3848 1038 3900 neque
1058 3832 1094 3887 (le
1110 3831 1173 3887 eliis
1189 3830 1281 3901 philo·

245 3917 338 3986 sophis
360 3922 435 3977 recte
448 3919 595 3990 judicasse.
639 3920 766 3977 Summos
787 3921 882 3975 tumen
901 3917 1084 3991 philosophos
1106 3934 1170 3975 uere
1192 3917 1282 3974 ulmi·

245 4007 323 4059 rstns
339 4006 390 4068 est,
407 4005 435 4061 id
455 4007 529 4074 quod
545 4024 602 4063 non
620 4007 711 4063 solum
726 4006 758 4063 in
774 4006 915 4063 Pisuetore
931 4007 979 4063 sed
1001 4005 1086 4063 etiem
1102 4005 1180 4061 ‚alibi
1201 4020 1282 4073 ssepe

245 4087 315 4155 (Du.
333 4091 416 4146 Mort.
437 4091 459 4146 l.
481 4091 522 4147 le.
540 4091 582 4146 24.
618 4092 741 4163 ungitis.
767 4092 895 4160 §5-9.
947 4093 1064 4149 Demos.
1092 4091 1108 4158 ἓ
1128 4092 1160 4147 11
1185 4093 1215 4146 et
1237 4090 1280 4145 62.

244 4175 358 4232 Somnio
376 4174 393 4243 ἕ
412 4176 453 4231 12.
472 4176 550 4233 Alex.
568 4177 585 4245 ἕ
602 4178 630 4240 4)
648 4179 707 4248 ipse
724 4180 906 4247 confirmavit,
923 4182 958 4236 ut
975 4181 1096 4237 bench.
1112 4178 1282 4235 Sehmrsius

245 4254 356 4330 (Heben
373 4262 490 4319 Irucisns
508 4262 613 4320 Gnllus‘
631 4264 658 4321 S.
677 4266 710 4322 50
729 4264 767 4333 tl
