3066 5162
297 322 360 378 xv1

298 514 376 560 mum
400 495 559 559 nonnuttaa
582 495 728 559 lectiones
752 493 892 559 Marciani
916 492 1004 577 (n),
1033 502 1094 561 tum
1117 460 1232 581 elidunt
1254 517 1335 564 cou-

292 618 428 698 jcctnras
451 622 482 680 et
504 634 586 680 meas
610 623 641 680 et
663 616 804 697 aliorum,
827 635 952 699 quarum
975 617 1031 682 irae
1059 619 1089 681 in
1111 618 1194 683 iibn's
1216 620 1336 686 interim

297 738 384 800 editis
414 738 521 801 aiiatae
550 745 638 818 sunt,
667 738 698 800 in
726 736 906 802 editionibus
936 738 963 805 J.
993 738 1121 804 bekkeri
1151 746 1195 818 (a.
1221 740 1333 822 isso),

296 860 323 923 J.
348 858 582 924 Summerbrodti
612 860 700 936 (item
732 879 758 922 a.
784 858 955 939 1853),11
987 861 1119 925 secunda
1143 862 1177 925 G.
1201 862 1334 927 bindorb

298 988 343 1057 (a.
370 979 488 1060 1858),
519 981 649 1064 denique
679 982 708 1044 in
739 980 855 1063 ,Variis
879 981 1089 1046 Lectionibus“
1112 982 1146 1049 0.
1170 983 1205 1049 G.
1229 983 1333 1048 Cobeti

297 1108 344 1178 (a.
371 1102 483 1180 rust).

360 1222 501 1287 Ordinem
530 1224 673 1289 librorum
700 1223 733 1288 F.
757 1223 911 1288 Arrianus
942 1224 970 1286 in
1001 1223 1176 1290 universum
1204 1226 1334 1291 eundem

295 1346 426 1425 retinuit,
450 1365 538 1429 quem
555 1346 744 1409 Florentiuus
768 1346 866 1408 editor
888 1346 1069 1429 praeiverat,
1093 1349 1142 1430 qui
1158 1349 1233 1412 ordo
1252 1365 1333 1412 nunc

294 1473 344 1530 est
365 1468 552 1550 ,11111111ίς
586 1466 628 1530 ar
649 1486 740 1549 quum
763 1467 818 1530 atia
841 1468 871 1529 in
895 1467 959 1530 atiis
982 1468 1067 1532 codd.
1079 1468 1220 1533 librorum
1235 1470 1332 1533 series

295 1591 349 1668 sit,
381 1596 480 1652 tamen
511 1607 549 1652 ne
576 1589 606 1651 in
637 1606 698 1652 uno
721 1588 839 1670 quidem
867 1588 934 1651 cod.
958 1588 1033 1652 ordo
1056 1597 1158 1654 exstat
1179 1592 1332 1674 untgatos,

294 1711 344 1793 qui
363 1714 424 1794 jam
448 1727 508 1772 non
531 1710 588 1772 1111
610 1710 667 1773 nisi
691 1709 872 1793 typographi
895 1709 1057 1775 Florentini
1079 1712 1258 1776 auctoritate
1279 1714 1332 1776 ni·

294 1833 374 1896 titur.
420 1832 447 1894 1
478 1832 595 1914 vulgari
625 1832 731 1895 ordine
753 1830 780 1893 J.
803 1830 921 1895 Bekirer
948 1833 1067 1896 taudem
1095 1833 1250 1913 discessit,
1281 1835 1331 1916 qui

293 1972 352 2018 non
376 1953 483 2015 inscite
506 1952 782 2036 pseudepigrapha,
810 1960 844 2016 ut
865 1953 931 2035 ipse
954 1954 1080 2036 putarit,
1102 1955 1131 2016 in
1155 1955 1252 2018 iocum
1275 1971 1331 2016 re-

288 2076 362 2157 jecit
385 2081 563 2137 extremum.
607 2074 655 2137 bie
678 2092 753 2138 vero
782 2082 815 2138 ut
837 2094 854 2137 a
879 2075 994 2156 vulgari
1022 2076 1127 2139 ordine
1155 2076 1330 2141 recederem

293 2196 460 2260 necessitas
489 2197 554 2277 ipsa
584 2196 714 2278 iniputit,
744 2215 835 2277 quum
866 2214 967 2278 neque
996 2196 1033 2260 11
1061 2200 1217 2280 proximos
1245 2198 1329 2259 initio

293 2317 385 2381 iibros
408 2323 456 2380 sat
478 2317 573 2380 bonas
597 2318 773 2381 cotiatioues
804 2317 913 2381 dudum
944 2321 1110 2400 promissas
1133 2320 1330 2401 accepissem,

292 2458 392 2521 neque
413 2439 509 2521 ipsam
532 2439 691 2502 editionem
714 2439 791 2502 uitra
807 2440 911 2502 ticeret
925 2438 1053 2507 differre.
1095 2439 1247 2519 Tabulam,
1271 2458 1330 2521 qua

292 2561 404 2642 duptex
425 2559 584 2643 dispositio
606 2559 806 2640 contineatur,
829 2559 907 2622 banc
928 2560 1058 2643 subjeci:

973 2685 1055 2749 rotgo
1074 2684 1167 2734 ordine
1237 2697 1309 2733 nunc

291 2783 367 2871 arrpi
388 2790 450 2849 cod
466 2733 646 2851 ’111111νί111
668 2831 962 2848 ..........
1008 2821 1048 2832 —
1118 2783 1132 2846 1
1225 2819 1264 2831 -
1311 2783 1357 2846 1

291 2911 361 2979 πῶς
383 2902 612 2992 dri‘lueopioc
635 2901 830 2993 συγγράφειν
1006 2940 1049 2950 -
1093 2903 1135 2965 ib
1223 2940 1263 2952 --
1309 2903 1329 2967 2

292 3020 961 3113 duerpoed’Aimcpvciv........ss
1005 3062 1046 3072 -
1092 3023 1135 3086 ib
1227 3024 1328 3086 -3

356 3150 388 3212 in
418 3150 532 3211 minore
562 3153 661 3211 tamen
690 3148 811 3211 Luciani
840 3149 971 3211 editione
1001 3147 1155 3230 vulgarem
1185 3146 1328 3208 tibrorurn

291 3268 425 3333 ordinem
448 3287 574 3332 serrare
597 3276 714 3353 potero.

356 3390 496 3454 Ceterum
527 3410 555 3473 p.
578 3387 621 3453 98
648 3392 696 3456 tin.
723 3390 757 3454 11
790 3409 806 3452 1
836 3389 885 3454 tin.
915 3366 974 3472 pro
1001 3389 1046 3452 bis
1077 3386 1156 3469 ,tto
1182 3393 1214 3451 et
1240 3407 1259 3470 p
1283 3392 1329 3451 m“

290 3494 426 3594 corrige:
456 3510 500 3592 ,ii
523 3519 554 3574 et
577 3533 595 3595 p
619 3533 646 3575 m
675 3511 721 3577 Φει
750 3519 781 3575 et
811 3532 839 3594 p.
865 3507 927 3573 1118
955 3508 1049 3577 timii
1079 3530 1096 3571 a
1125 3509 1176 3577 iin.
1206 3516 1278 3592 post
1299 3527 1329 3572 v.

289 3632 461 3717 ,probari‘
491 3632 567 3697 baec
589 3634 681 3697 adde:
709 3627 866 3721 ,γεγωνὸς
889 3633 914 3694 Α
939 3638 970 3694 et
993 3650 1033 3709 1.,
1060 3631 1115 3695 sed
1137 3625 1329 3718 peymudri

288 3773 350 3819 uno
363 3755 510 3838 probante
522 3753 669 3817 Bekirero.
705 3753 780 3816 vide
791 3752 974 3817 Lobectrium
994 3753 1029 3816 ad
1042 3752 1152 3835 Pbryn.
1165 3773 1194 3835 p.
1210 3748 1271 3814 119
1281 3769 1327 3831 sq.

291 3876 434 3958 Aescbyti
456 3883 488 3938 et
510 3875 690 3958 Antiphanis
713 3876 945 3940 immemorem.“

356 3997 529 4061 Scribebam
552 3998 707 4061 Rostocbii
731 4016 835 4062 menso
857 3998 936 4080 btajo
958 4015 985 4057 a.
1009 3992 1204 4056 MDCCGLX.

640 4292 990 4310 d*—
