3050 5160
254 369 295 427 IV

258 525 350 610 eujus
371 532 436 591 tam
458 524 570 592 erebra
591 524 652 591 hoe
676 524 709 591 in
731 523 858 611 dialogo
879 525 959 592 vitia
980 527 1035 592 uni
1063 524 1166 594 eodiei
1195 526 1298 595 videri

255 652 402 735 poterant
422 646 611 734 imputanda
632 665 712 714 esse.
756 645 799 712 At
820 666 880 731 ego
902 653 1030 734 praeter
1050 647 1134 714 hune
1151 648 1182 714 D
1197 649 1298 717 tubus

255 770 327 838 aliis
362 768 524 837 codicibus
559 788 636 837 usua
672 788 741 835 sum
775 766 943 855 diligenter
978 770 1122 856 eoulatis,
1161 771 1297 857 primum

255 892 434 960 Gorlieensi
461 889 527 977 (A),
560 910 654 975 quem
683 896 714 956 et
741 909 802 974 ego
836 895 868 956 et
897 889 953 957 alii
983 891 1186 977 excussimus,
1223 890 1297 959 dein

255 1014 416 1081 Mareiauo
434 1032 486 1079 uo.
498 1013 564 1078 434
586 1009 652 1096 (Ω)
677 1018 709 1077 et
719 1011 902 1078 Florentino
926 1011 996 1099 (Φ),
1020 1031 1153 1096 quorum
1162 1012 1298 1079 alterum

254 1133 539 1203 Sommerbredtius
567 1135 701 1201 alterum
730 1133 920 1200 Fraueiseus
953 1132 995 1201 de
1023 1134 1122 1201 Puris
1155 1135 1296 1201 eontulit.
1419 1132 1423 1135 ’

254 1255 347 1323 Nune
368 1254 495 1321 demum
518 1255 603 1323 elare
631 1255 734 1320 elucet
756 1253 883 1321 eodiees
905 1254 993 1341 ipsos
1021 1254 1056 1321 in
1085 1255 1145 1323 hoe
1167 1254 1296 1342 dialogo

254 1377 390 1464 seriptos
412 1396 482 1444 esse
503 1375 716 1444 vitiosissime.
749 1374 875 1442 Etenim
896 1374 982 1459 quod
1003 1373 1044 1442 de
1067 1376 1146 1443 meis
1164 1375 1298 1443 ΒΑΩΦ

254 1498 371 1584 ubique
391 1500 488 1584 valet,
521 1497 607 1564 idem
637 1503 723 1564 nerto
750 1494 837 1563 eadit
858 1495 956 1563 etiam
985 1497 1019 1562 in
1041 1497 1104 1563 ΔΜ
1125 1498 1297 1567 Parisinus.

254 1621 425 1687 Praeterea
446 1619 498 1686 hie
519 1618 666 1704 dialogus
688 1625 793 1685 exstat
814 1618 911 1684 etiam
932 1618 965 1683 iu
987 1617 1111 1686 duobus
1121 1620 1296 1708 Vaticanis,

254 1742 354 1808 altero
375 1762 427 1808 uo.
445 1743 486 1809 st
504 1739 562 1826 (ii)
582 1742 684 1808 altero
695 1743 739 1807 90
749 1741 821 1827 (Il,
842 1741 890 1807 ati
911 1738 1036 1808 diseere
1057 1741 1132 1808 lieet
1153 1743 1296 1810 aBastio

254 1864 298 1931 ad
312 1864 445 1950 Gregor.
483 1862 624 1929 Corinth.
646 1884 678 1950 p.
692 1864 743 1930 to.
786 1862 829 1928 At
850 1869 936 1930 nerto
958 1863 1147 1950 praevidere
1167 1864 1243 1931 lieet
1262 1866 1297 1931 iu

255 1986 420 2054 Vatieauis
453 2004 578 2072 quoque
607 1985 696 2054 libris
726 1985 839 2054 eodem
870 1987 937 2053 iere
958 1987 1037 2053 vitia
1064 1987 1226 2054 inuentum
1248 1987 1296 2053 iri.

255 2110 480 2193 Praeterquam
493 2108 578 2174 euim
589 2106 675 2191 quod
685 2107 812 2175 eodiees
823 2108 925 2176 omnis
935 2107 1002 2175 lere
1012 2109 1139 2195 generis
1149 2109 1297 2177 vitiorum

255 2232 342 2319 pleni
370 2236 458 2316 sunt,
494 2232 599 2316 major
626 2229 813 2297 mendarum
841 2249 918 2316 pars
947 2236 980 2297 et
1008 2230 1186 2316 frequentia
1212 2231 1297 2298 laeu-

255 2374 367 2421 uarum
394 2350 561 2420 ostendere
582 2351 738 2438 videntur,
775 2351 895 2418 huneco
916 2358 1057 2419 saturam
1083 2350 1125 2419 ad
1147 2372 1206 2419 uos
1227 2373 1297 2439 per-

254 2476 381 2543 venisse
402 2475 521 2561 partim
548 2474 638 2542 falsis
664 2473 765 2542 literis
793 2479 918 2560 turpem
945 2473 1062 2560 partim
1090 2494 1236 2543 maneam
1264 2482 1297 2542 et

255 2616 355 2683 prope
372 2597 525 2680 mutilam,
546 2600 718 2682 propterea
731 2593 817 2679 qued
834 2597 997 2682 prototypi
1017 2596 1174 2682 scriptura
1190 2596 1296 2662 multis

254 2718 334 2785 loeis
356 2718 420 2802 legi
442 2718 496 2784 vix
517 2736 557 2785 ae
578 2736 619 2783 ne
640 2717 696 2783 vix
717 2715 845 2800 quidem
867 2718 1013 2803 potuerit.
1059 2717 1097 2783 lu
1114 2716 1296 2802 hujusmodi

254 2839 352 2925 igitur
379 2839 459 2906 loeis
480 2836 657 2905 eaveudum
685 2842 763 2923 erat,
796 2858 837 2905 ne
858 2839 937 2906 vitia
957 2838 1102 2906 eedieum
1123 2859 1182 2926 pro
1203 2839 1297 2906 malis

255 2959 480 3028 additamentis
501 2966 712 3027 eorreetorum
738 2960 790 3028 vel
812 2981 871 3046 pro
893 2960 1023 3028 seholiis
1043 2967 1163 3028 temere
1184 2960 1294 3027 habita

257 3079 443 3166 simpliciter
452 3087 597 3168 putarem
615 3080 752 3149 delenda
773 3102 853 3150 esse.
889 3082 958 3168 ugo
981 3089 1132 3167 quantum
1141 3082 1297 3149 industria

256 3200 446 3270 eouteudere
472 3204 578 3289 potui,
612 3211 763 3288 quantum
792 3204 919 3290 ingenio
950 3204 1026 3272 eniti
1056 3212 1089 3273 et
1117 3206 1189 3292 ipsa
1216 3203 1295 3270 diui·

255 3326 384 3392 natione
394 3323 537 3412 adsequi,
559 3332 681 3393 tautum
697 3324 803 3394 studui
825 3326 960 3415 efficere,
981 3327 1154 3414 praeelaris
1175 3325 1296 3410 aliquot

256 3445 529 3514 emendationibus
556 3468 652 3532 quum
673 3446 806 3514 eliorum
830 3455 898 3514 tum
920 3449 950 3516 J.
973 3447 1220 3517 Sommerhrodti
1240 3445 1295 3514 ad·

251 3568 350 3654 jutus.
400 3569 513 3656 Longe
532 3569 599 3636 alia
620 3567 765 3635 eodieum
786 3569 820 3636 in
841 3569 1031 3657 eo‘dialogo
1050 3572 1132 3639 ratio
1154 3577 1212 3656 est,
1239 3569 1295 3653 qui

255 3690 370 3759 netur
391 3690 647 3759 Nrrrrreoe.
694 3690 735 3758 m
753 3692 918 3761 aaronis
939 3692 1067 3778 quidem
1090 3691 1295 3794 „numm
1346 3664 1357 3669 ’

255 3813 440 3899 plerumque
450 3814 547 3881 talem
563 3813 700 3902 exhibet,
723 3815 850 3899 qualem
870 3815 904 3881 iu
922 3813 1082 3882 Aidiuall
1103 3820 1136 3881 et
1148 3813 1295 3881 Parisino

255 3932 408 4021 videmus,
446 3936 467 4002 i.
496 3956 524 4003 e.
555 3936 766 4023 „vulgatam“,
806 3937 854 4004 ita
880 3942 987 4003 tamen
1024 3942 1059 4004 ut
1087 3956 1159 4002 raro
1187 3935 1294 4019 aliqua

256 4054 350 4121 leetio
372 4053 482 4122 adlata
502 4057 545 4124 sit
566 4077 606 4123 ex
628 4057 657 4122 Τ
679 4055 804 4142 (eodiee
824 4057 920 4144 Peli),
943 4059 973 4125 U
995 4058 1144 4145 (Longoli
1166 4077 1293 4143 excerp

255 4176 320 4262 tis),
342 4174 372 4242 V
393 4174 615 4263 (dinemo),
636 4178 665 4244 Β
686 4185 718 4244 et
738 4177 765 4244 Ζ
787 4179 892 4264 (libris
902 4176 1111 4265 Bourdeloti),
1132 4179 1164 4245 X
1188 4178 1295 4263 (Galei

255 4297 483 4387 eouleetaueis)
510 4304 544 4367 et
564 4299 595 4366 Y
616 4299 773 4386 (margine
793 4299 954 4387 Aldinae).
1000 4300 1117 4370 Postea
1138 4300 1171 4366 ld
1192 4298 1294 4386 (Pari-
