3086 5154
291 423 347 479 XII

291 609 430 675 tabulam
453 629 516 693 qua
539 617 570 675 et
591 610 732 695 vulgaria
760 617 793 675 et
826 630 898 676 mea
926 611 1075 677 librorum
1096 613 1328 680 Luoianeorum

291 731 456 796 collocatio
479 731 681 817 exprimatur,
703 730 869 814 adjiciam:

966 856 1076 921 vulgato
1095 858 1188 909 ordine
1224 875 1296 911 nune

334 954 392 1026 Δός
415 950 718 1040 Κατηγοροόμενος
764 1002 1021 1022 ........
1068 958 1109 1022 47
1154 994 1199 1006 -
1264 962 1284 1024 9

332 1072 424 1138 Βίαν
447 1072 577 1159 Πρᾶσις
618 1123 1021 1140 ............
1071 1077 1112 1141 14
1155 1114 1198 1124 -
1245 1080 1285 1143 10

328 1192 455 1268 ‘Alista
512 1243 1021 1261 ...............
1073 1198 1111 1261 15
1154 1236 1199 1246 --
1245 1201 1281 1263 11

329 1315 610 1401 Ἰκαρομένιππος
653 1364 1020 1381 ...........
1067 1320 1110 1382 46
1154 1357 1197 1366 -
1243 1322 1282 1384 12

332 1436 587 1522 Νεκυομανιεία
618 1486 1021 1501 ............
1072 1440 1110 1502 11
1154 1477 1198 1486 -
1244 1441 1283 1505 13

332 1556 557 1641 Δημώνακτος
578 1555 692 1631 Bion.
721 1607 728 1622 .
757 1556 802 1621 ..’
829 1607 1020 1623 ......
1067 1561 1107 1624 37
1153 1598 1197 1607 —
1244 1562 1283 1624 14

199 1666 202 1672 ’
332 1678 541 1762 Προμηθεὺς
564 1682 599 1742 ἐν
619 1675 726 1765 λόγοις
762 1727 1021 1743 ........
1089 1682 1110 1745 2
1154 1719 1197 1728 -
1244 1682 1283 1745 15

333 1798 449 1872 Ζεῦξις
474 1847 697 1863 .......
703 1816 706 1821 ’
726 1847 1022 1864 .........
1068 1802 1111 1866 22
1154 1839 1198 1849 -
1244 1803 1283 1866 16

332 1916 503 2005 Εὐνοῦχος
545 1966 1019 1985 ..............
1066 1922 1109 1986 35
1153 1960 1196 1969 —
1243 1924 1293 1986 17.

288 2075 398 2139 Restat
419 2079 454 2139 ut
475 2094 611 2140 errorem
633 2073 791 2157 quendam
809 2075 1011 2160 corrigamus.
1055 2075 1138 2140 Nam
1156 2075 1325 2147 adVitarr.

289 2193 377 2260 Auot.
413 2216 440 2262 ο.
478 2197 517 2260 14
552 2217 583 2281 p.
618 2195 660 2260 57
698 2195 757 2260 etsi
791 2196 953 2280 vulgatam
988 2193 1224 2280 διαφερόμενος
1250 2197 1324 2280 jure

287 2317 426 2383 servavi:
449 2315 490 2383 a
512 2316 631 2382 sonoro
653 2322 761 2381 amen
779 2316 1044 2401 lineamento,
1069 2287 1323 2401 μόριμος,

289 2435 592 2525 ουνδιαμαχόμενος
620 2437 687 2501 sive
717 2436 875 2521 Vossiani‚
905 2433 1220 2521 οννόιαφορόμενοςε
1252 2435 1324 2502 δια-

286 2553 476 2643 μαχόμενος
496 2577 559 2621 non
583 2555 737 2625 debebam
759 2557 997 2624 Hemsterhusio
1019 2557 1181 2624 adsentiri.
1224 2559 1322 2623 Immo

287 2677 346 2742 hoe
370 2677 523 2744 scholium
546 2679 672 2745 conlata
682 2680 795 2746 Veneti
818 2678 936 2745 oodicis
957 2679 1092 2744 lectione
1114 2679 1159 2744 ita
1186 2680 1322 2745 seriben-

286 2867 361 2932 dum
377 2874 440 2934 est:
455 2818 705 2954 dldpaplpaog:
727 2866 980 2958 διαμαχόμενος.
1021 2867 1079 2934 Est
1103 2875 1210 2934 autem
1223 2870 1324 2935 altera

286 2988 440 3073 scriptura
463 2986 713 3074 συμφερόμενος
733 3011 862 3076 prorsus
891 2990 1019 3074 inutilis²
1049 2995 1157 3075 utpote
1179 2988 1323 3056 derivata

286 3127 326 3172 ex
356 3128 393 3173 εο
415 3108 567 3174 Heracliti
594 3111 675 3196 loeo,
704 3111 756 3194 qui
786 3111 875 3176 loeus
904 3110 982 3176 nihil
1012 3110 1073 3175 huc
1094 3109 1240 3196 pertinet,
1269 3131 1322 3195 ap.

284 3229 485 3295 Aristotelem
506 3231 556 3296 De
567 3230 684 3298 Mundo
707 3252 734 3296 o.
756 3232 776 3295 5
799 3231 867 3296 sive
888 3229 1123 3317 ap.Apulejum
1144 3231 1194 3295 De
1205 3229 1321 3296 Mundo

289 3371 316 3415 ο.
339 3352 382 3415 20
404 3350 466 3435 fin,
488 3351 522 3416 in
552 3371 613 3434 quo
635 3352 815 3419 Heraclitus
844 3351 923 3417 haee
950 3351 1031 3416 inter
1058 3372 1093 3417 se
1115 3359 1321 3437 opposuerat:

286 3467 605 3556 συμφερόμενον
632 3472 695 3541 καὶ
723 3469 1052 3558 διαφερόμενον,
1090 3471 1233 3558 οννᾷόον
1268 3472 1321 3537 καὶ

287 3590 412 3677 diodor.
470 3592 544 3658 Alia
572 3592 728 3677 quaedam
749 3593 802 3659 vel
823 3591 988 3659 brevitatis
1010 3591 1114 3659 studio
1136 3593 1248 3660 duetus
1270 3595 1322 3661 rel

285 3721 319 3778 ut
347 3714 440 3805 nimis
473 3714 594 3780 ineerta
622 3714 780 3801 praeterii.
829 3714 978 3780 Attamen
1009 3712 1052 3779 ad
1081 3713 1263 3801 Menippum
1293 3734 1320 3780 ο.

288 3837 325 3899 17
349 3857 381 3921 p.
406 3837 477 3921 182,
500 3836 553 3922 ubi
564 3835 748 3923 Philippum
770 3857 788 3901 e
809 3856 886 3921 rege
908 3842 1045 3901 autorem
1066 3855 1088 3899 a
1104 3835 1232 3902 comicie
1254 3833 1321 3900 dixi

285 3962 420 4021 sumtum
449 3956 560 4042 videri,
590 3957 669 4022 illud
699 3958 848 4025 omissum
877 3956 1003 4042 nollem,
1026 3955 1111 4040 quod
1133 3977 1197 4022 non
1217 3957 1320 4023 minus

283 4076 354 4140 fieri
375 4076 486 4161 potuit,
509 4084 544 4143 ut
563 4079 722 4145 Luoianus
755 4078 838 4144 huno
863 4077 972 4162 jooum
995 4077 1157 4163 exipsius
1178 4077 1320 4163 Menippi
