3050 5160
276 379 328 434 XX
657 376 928 434 PROLEGOIOENA

275 533 432 600 vocabule
460 552 481 598 u
507 531 656 619 scepticis
684 534 819 620 repetite
847 552 926 617 esse,
957 531 1047 616 cujus
1074 532 1201 619 generis
1227 553 1312 600 com-

128 680 135 687 ·
275 656 367 742 plura
387 654 421 719 in
444 653 678 721 commentariis
699 654 742 722 ad
763 654 992 721 Hermotimum
1013 652 1203 721 auferentur.
1248 653 1312 721 Sed

275 797 359 843 nnnc
381 774 510 860 quidem
529 775 609 843 setis
631 776 691 841 erit
711 795 816 863 puceu
836 776 1013 844 adnotasse.
1057 777 1218 862 Principio
1239 797 1312 842 eum
1340 758 1346 765 ¹

275 897 381 965 verbis
401 897 585 964 Hermotim.
608 899 686 978 §69
708 896 812 964 hisce:
835 894 1085 981 διαγνωστικούς
1099 922 1141 973 ,σε
1162 897 1216 962 καὶ
1239 895 1312 962 ιλια-

274 1016 433 1103 κσειικούς
454 1016 604 1103 ποιήσων
624 1014 716 1103 ἡμᾶς
738 1026 938 1106 comparetur
959 1016 1074 1085 Sextus
1095 1019 1187 1106 Emp.
1199 1020 1311 1105 Pyrrh.

275 1139 361 1226 Hyp.
373 1140 414 1225 11,
426 1140 490 1205 229
507 1140 554 1226 (p
567 1141 628 1206 111
641 1139 708 1224 B.):
732 1142 762 1205 ελ
776 1177 818 1188 -
834 1142 923 1206 ἔστιν
941 1141 1024 1224 αὕτη
1044 1136 1257 1227 itancestre}
1268 1178 1311 1189 —

275 1262 329 1327 sui
357 1257 482 1326 τούτων
513 1258 556 1327 ἄν
585 1262 634 1344 εἴη
661 1256 835 1345 διαιρετικὴ
871 1268 903 1327 et
930 1260 1012 1328 Adv.
1035 1260 1182 1327 Mathem.
1205 1262 1246 1346 11,
1269 1264 1310 1327 67

276 1384 322 1469 (p.
347 1383 411 1450 688
432 1382 482 1468 B.)
505 1377 697 1467 διακριτικὸν
720 1380 804 1467 (bifl).
849 1383 932 1448 Tum
953 1384 986 1449 in
1008 1383 1146 1449 Hermoi
1165 1386 1185 1463 ξ
1204 1385 1246 1449 36
1268 1383 1313 1449 ita

277 1504 431 1589 conjicio:
464 1503 692 1575 πλεονεκτικῶς
719 1499 811 1567 πάνυ
833 1486 913 1568 οὖνὸ
934 1500 973 1568 cci
997 1500 1313 1589 ἀμφισβητούμενον

278 1622 468 1711 συλλαβών,
500 1625 585 1691 Num
606 1623 758 1690 lectiones
781 1620 862 1688 αὐτὸ
885 1627 965 1712 ἔχειν
988 1631 1020 1690 et
1037 1646 1110 1692 mox
1133 1621 1214 1690 αὐτὸ
1231 1622 1314 1690 εἶναι

276 1747 351 1814 licet
371 1747 473 1812 falsae
502 1744 676 1832 perdocent
704 1744 757 1811 hic
784 1745 902 1812 alicubi
933 1742 1013 1812 αὐτὸ
1047 1746 1203 1814 excidisse
1227 1754 1259 1812 et
1279 1746 1313 1812 in

278 1868 419 1953 margine
442 1866 561 1934 codicis
583 1866 721 1953 positum
742 1865 856 1933 fuisse:
884 1866 1003 1934 excidit
1031 1876 1138 1934 autem
1165 1864 1245 1933 cici
1275 1868 1315 1933 eo

277 1991 348 2076 ipso
377 1990 458 2075 loco,
492 2008 554 2070 qno
588 1987 745 2073 supplevi.
798 1987 883 2054 Nam
915 1987 1028 2056 eedem
1060 2009 1112 2057 res
1143 1989 1313 2075 planceio

278 2111 447 2178 enunciata
475 2115 524 2174 est
552 2115 584 2176 et
611 2108 654 2175 ab
682 2116 790 2176 nostro
817 2111 853 2176 in
875 2110 946 2178 λον.
970 2110 1067 2195 Trsg.
1095 2113 1116 2193 ς
1138 2111 1198 2176 38:
1231 2095 1313 2175 cici

278 2256 346 2298 που
373 2229 412 2296 co
442 2226 658 2315 ζηκούμενον,
691 2224 715 2294 ὦ
743 2226 931 2315 Τιμόκλεις,
964 2227 1176 2315 §cccccccccc
1209 2238 1241 2297 et
1272 2230 1314 2296 ub

278 2354 351 2421 aliis
372 2354 459 2419 velut
479 2373 501 2418 e
522 2352 681 2418 Frontone
702 2370 735 2436 p.
751 2351 831 2416 269:
855 2348 936 2415 αὐτὸ
960 2347 1000 2435 δή
1023 2349 1062 2417 τὸ
1085 2349 1315 2437 ἀμφισβητού-

278 2498 385 2560 μενον
406 2470 682 2559 σφετεριζόμενος.
728 2470 812 2536 Illud
841 2470 950 2558 doleo,
979 2472 1013 2537 in
1034 2472 1228 2540 Hermotimo
1256 2493 1314 2559 pro

280 2591 447 2680 συλλαβών
476 2593 573 2660 verbo
595 2591 761 2680 aptissimo
791 2593 820 2661 J.
844 2592 1027 2661 Bckkerum
1050 2592 1088 2659 οὐ
1111 2591 1222 2680 λαβών
1248 2601 1315 2661 tum

278 2714 446 2782 infeliciter
467 2714 673 2799 conjectasse.
717 2714 760 2779 At
782 2714 863 2781 sicut
885 2712 1013 2781 διδόναι
1041 2715 1239 2802 philosophis
1268 2723 1316 2783 est

279 2843 401 2924 ‚sponte
430 2834 629 2922 concedere‘,
662 2836 709 2902 its
733 2834 915 2922 λαμβάνειν
942 2835 1063 2903 eisdem
1091 2844 1139 2904 est
1161 2836 1246 2924 ‚jure
1266 2856 1316 2902 su-

279 2959 384 3043 mere‘,
406 2965 440 3024 at
462 2953 701 3042 συλλαμβάνειν
723 2958 950 3034 πλεονεκτικῶς
977 2959 1083 3044 potius
1112 2965 1161 3025 est
1190 2958 1317 3043 ‚injuria

279 3079 454 3164 corripere‘.
493 3078 628 3145 Omnino
650 3077 711 3146 hoc
733 3080 837 3166 ipsum
858 3076 896 3145 τὸ
919 3077 1124 3164 ζητούμενον
1146 3076 1317 3164 συναρπά-

280 3201 345 3278 ζειν
376 3199 456 3264 nihil
488 3199 576 3265 aliud
608 3200 767 3286 significet
797 3200 859 3266 nisi
891 3199 939 3296 id,
956 3200 1041 3285 quod
1073 3222 1131 3268 nos
1165 3200 1315 3267 dicimus:

279 3319 348 3405 ,des
372 3325 436 3385 erst
457 3339 495 3385 nu
507 3319 715 3388 Beweisende
737 3322 794 3387 mit
804 3321 946 3390 Unrecht
966 3323 1015 3389 als
1037 3323 1135 3389 echon
1157 3322 1318 3389 bewiesen
1382 3303 1388 3311 ⁹

279 3418 475 3509 ennehmen‘.
512 3441 615 3520 Quem
641 3444 707 3509 vim
735 3444 815 3509 haec
836 3440 935 3510 verbs
955 3441 994 3508 τὸ
1017 3441 1221 3528 ζητούμενον
1243 3447 1319 3516 ξυν-

281 3560 439 3650 conicito
466 3564 519 3629 vel
548 3562 635 3650 apud
663 3583 735 3647 eum
755 3584 853 3631 unum
875 3563 1069 3651 scriptorem,
1091 3566 1183 3650 eujus
1204 3564 1317 3632 ducem

279 3686 440 3754 Lucienus
461 3685 514 3753 hic
535 3685 684 3772 sequium,
707 3684 793 3772 apud
810 3684 940 3751 Sextum
954 3686 1074 3772 Empir.
1090 3706 1317 3774 saepenumero

279 3808 414 3875 hebent:
437 3806 911 3895 videmihiPyrrhon.11,3op.
924 3809 980 3892 645
999 3808 1040 3893 11,
1051 3808 1093 3874 57
1105 3830 1135 3895 p.
1146 3808 1204 3893 693
1222 3808 1263 3893 11,
1275 3808 1319 3873 60

280 3949 312 4014 p.
333 3931 388 4013 703
411 3930 452 4014 11,
475 3928 517 3995 65
539 3950 572 4015 p.
585 3930 644 4014 713
666 3930 707 4016 11,
730 3931 771 3996 67
790 3949 823 4015 p.
836 3928 894 4014 72;
915 3929 956 4015 11,
981 3931 1042 3996 121
1065 3951 1097 4016 p.
1117 3929 1174 4014 84;
1198 3928 1252 4014 111,
1273 3928 1318 3994 62

279 4050 401 4135 p.132;
420 4048 531 4134 111‚74
543 4071 574 4136 p.
588 4051 665 4135 1383
683 4049 766 4118 Acv.
777 4050 923 4117 Mathem
936 4049 1005 4136 VII,
1017 4052 1081 4117 266
1094 4071 1126 4137 p.
1137 4051 1216 4136 2483
1232 4048 1318 4133 VIII,

280 4169 345 4234 364
370 4191 402 4255 p.
426 4169 491 4236 368
513 4168 563 4235 ed.
585 4170 687 4238 Bekk.
732 4170 826 4250 Quod
846 4177 953 4238 sutem
973 4192 1071 4260 supra
1091 4170 1126 4237 id
1147 4171 1252 4258 ipsum
1272 4171 1320 4235 itu

278 4289 413 4358 latinum
433 4290 505 4377 feci,
527 4298 562 4357 ut
582 4293 681 4360 verbo
697 4298 803 4361 uterer
817 4293 1040 4381 corripiendi,
1055 4298 1217 4362 auctorem
1235 4291 1318 4359 debu
