3050 5160
674 460 818 516 πονε-ιε.
1187 434 1261 504 237

225 629 369 717 ἔμπαλιν
397 635 444 707 εἰς
471 631 550 707 τοάς
580 630 733 710 οίκείους,
767 630 826 697 οὐκ
855 630 1016 717 ἀναιμωτί
1042 631 1204 720 διεφέρετο
1227 638 1263 701 ἐν

225 733 353 814 αὐτδίς,
379 733 457 801 ἀλλά
479 734 517 802 τό
540 744 602 803 τοῦ
617 734 787 822 Ὀμήρου,

485 839 594 926 δίφροι
616 839 647 905 δ’
673 839 968 926 ἀνεκυμβαλίαζον·

227 944 258 1005 ολ
281 947 378 1007 ἵπποι
400 940 430 1006 δ’
456 943 588 1029 ἐπείπερ
612 945 701 1019 ἅπαξ
721 952 780 1027 τῆς
802 949 834 1018 ἐς
855 942 893 1010 τό
917 941 1002 1011 εάθκλ
1024 942 1104 1011 όδοῦ
1127 943 1262 1030 ἀπετρέ-

225 1068 330 1110 ποντο
355 1044 414 1111 οὐκ
443 1044 663 1135 ἀνασχόμενοι
694 1054 760 1114 τῶν
782 1045 974 1129 ἐλεφάντων,
1003 1045 1080 1122 τούς
1107 1044 1264 1135 ἐπιβάτας
1302 1101 1303 1104 ¹

225 1145 450 1233 ἀποβαλόντες
489 1150 591 1229 ,,κείν’
629 1151 703 1240 ὄχεα
746 1150 972 1238 κροτάλιζον,”
1011 1152 1189 1237 τέμνοντες
1220 1143 1262 1234 νὴ

225 1251 290 1317 Δία
311 1253 365 1318 καί
388 1252 587 1341 διαιροῦντες
608 1268 676 1330 τοῖς
700 1253 894 1341 δρεπάνοις,
921 1259 1060 1331 εἴτινας
1080 1254 1264 1341 τῶνφίλων

224 1355 455 1443 καταλάβοιεν·
494 1360 609 1424 πολλοί
641 1358 670 1424 δ’
704 1358 745 1434 ὡς
775 1364 810 1426 ἐν
839 1358 965 1449 ταράχῳ
994 1358 1139 1446 τοσοότῳ
1169 1384 1264 1425 κατε-

225 1459 449 1548 λαμβάνοντο.
475 1468 609 1529 εἵποντο
633 1463 668 1530 δέ
690 1466 745 1529 καί
768 1469 799 1530 σί
822 1466 990 1550 ἐλέφαντες
1014 1470 1264 1550 συμπατοῦντες

225 1567 278 1631 καί
309 1565 583 1653 ἀναρριπτοῦντες
606 1574 637 1644 ἐς
659 1570 746 1652 ὕψος
767 1581 837 1644 ταῖς
865 1568 1087 1655 προνομαίαις
1107 1569 1162 1633 καί
1185 1591 1263 1635 συν-

227 1670 427 1756 αρπάζοντες
457 1674 512 1737 καί
543 1685 611 1749 τοῖς
646 1672 761 1741 ὀδοῦσι
793 1674 1053 1760 περιπείροντες,
1088 1673 1141 1738 καί
1173 1672 1264 1745 τέλος

226 1768 317 1841 οὗτοι
345 1774 428 1843 κατά
451 1774 568 1861 κράτος
590 1775 813 1864 παραδιδόασι
834 1785 877 1865 τῳ
897 1775 1050 1867 Ἀντιόχῳ
1071 1775 1134 1862 τήν
1155 1776 1260 1861 νίκην.

227 1883 278 1946 11.
317 1885 348 1946 οἱ
378 1879 527 1947 Γαλάται
560 1881 595 1948 δέ
629 1888 660 1948 ol
692 1887 757 1969 μέν
787 1881 1017 1966 ἐτεθνήκεσαν,
1052 1883 1177 1948 πολλου
1204 1887 1262 1946 τοῦ
1351 1893 1355 1899 ’

224 1983 331 2068 φόνου
360 1985 559 2072 χενομένου,
596 1991 627 2052 οἱ
661 1986 695 2052 δέ
730 1991 844 2066 ζῶντες
877 1974 1104 2074 ἐλαμβάνοντο
1127 1987 1148 2025 ⁴*
1177 1980 1262 2069 πλήν
1280 2007 1331 2060 349

224 2084 316 2154 πάνυ
348 2086 465 2176 ὀλίγοι,
498 2087 618 2156 ὁπόσοι
640 2089 803 2178 έφθασαν
825 2095 856 2164 ἐς
878 2089 918 2156 τά
942 2089 1001 2175 ὄρη
1026 2086 1260 2177 ἀναφυγόντες,

227 2196 258 2255 οἱ
288 2190 479 2267 Μακεδόνες
509 2193 545 2259 δέ
574 2194 647 2260 ὅσοι
677 2192 738 2260 σόν
763 2189 914 2282 Ἀντιόχῳ
943 2189 1043 2278 ἦσαν,
1074 2190 1262 2271 ἐπαιάνιζον

225 2295 277 2359 καί
307 2293 501 2380 προσιόντες
534 2296 628 2372 ἀλλος
662 2294 844 2386 ἀλλαχόθεν
874 2295 1014 2363 ἀνέδουν
1041 2295 1101 2362 τόν
1128 2297 1262 2381 βασιλέα

64 2425 68 2433 ’
128 2468 132 2475 ,
224 2396 404 2465 καλλίνικον
426 2398 641 2486 ἀναβοῶντες.
694 2398 770 2466 ὁδέ
792 2401 846 2466 καί
868 2397 1049 2486 δακρίισας,
1080 2400 1121 2474 ὥς
1143 2420 1260 2484 φασιν·

226 2499 475 2591 αἰσχυνόμεθα,
509 2503 589 2590 έφη,
623 2500 647 2570 ὦ
679 2510 886 2590 στρατιῶται,
919 2500 968 2578 οἷς
995 2528 1033 2592 γε
1069 2501 1090 2587 ἦ
1122 2501 1262 2588 σωτηρία

225 2609 261 2671 ἐν
284 2604 450 2672 ἑκκαίδεκα
471 2604 600 2682 τοότοις
619 2607 749 2693 θηρίοις
768 2608 911 2696 ἐγένετο·
937 2606 979 2681 ὡς
991 2609 1022 2671 εἴ
1031 2632 1068 2695 χε
1077 2604 1127 2693 μή
1141 2604 1179 2672 τό
1192 2630 1264 2672 και-

224 2705 285 2774 νόν
317 2715 375 2774 τοῦ
410 2707 584 2795 θεάματος
622 2712 768 2796 ἐξέπληξε
807 2708 885 2786 τούς
918 2709 1115 2795 πολεμιόυς,
1156 2709 1189 2775 τί
1221 2708 1263 2777 ἀν

224 2809 322 2897 ἡμεῖς
350 2807 438 2898 ἦμεν
466 2810 550 2900 πρὸς
581 2812 701 2890 αὐτούς
709 2842 722 2896 3
756 2812 869 2881 ἔπειτα
898 2821 942 2901 τῳ
971 2812 1116 2901 τροπαίῳ
1145 2810 1264 2880 κἐλείιει

226 2914 303 2980 ἀλλο
325 2917 520 3006 μὲνμῳδέν,
545 2918 702 3004 ἐλέφαντα
726 2918 761 2984 δέ
782 2915 891 3005 μόνον
905 2915 1092 3007 ἐγκολάψαι.
1120 2920 1170 2984 12.
1197 2917 1263 3002 ὥρα

296 3143 337 3195 11.
375 3139 474 3214 ὀλίγον]
498 3140 591 3214 ὀλίγον
609 3149 640 3200 Y.
721 3142 755 3212 ἐς]
782 3138 820 3201 είς
839 3147 901 3202 ΦΠ.
981 3140 1146 3205 ἐπαιάνιζον
1170 3147 1217 3197 TV
1237 3152 1265 3197 et
1382 3142 1390 3154 '

227 3231 382 3284 scholiasta.
419 3228 582 3293 ἐπαιάνιζον
600 3234 635 3283 Φ.
674 3228 844 3293 ἐπαιώνιζον
860 3250 887 3285 v.
958 3226 1115 3283 καλλίνικον
1132 3227 1263 3284 αάτόνΠ.

305 3316 398 3385 φασὶν]
418 3335 489 3386 φασι
506 3337 531 3372 ο.
609 3317 720 3375 τοίσοιε
746 3338 788 3372 om
806 3321 839 3371 Π
859 3337 913 3371 non
937 3336 1048 3385 prorsus
1066 3320 1147 3371 mals.
1228 3315 1265 3373 oie

227 3402 256 3455 εί
269 3422 299 3472 χε
317 3402 356 3471 μὴ
381 3408 569 3473 Schwidopius
589 3409 654 3459 Obs.
674 3409 741 3459 Luc.
760 3410 800 3459 111
823 3425 850 3473 p.
871 3406 912 3457 15.
948 3406 1024 3458 libri:
1052 3402 1090 3461 διε
1113 3397 1141 3457 εί
1160 3401 1199 3472 μὴ
1218 3434 1261 3455 -.

227 3493 358 3545 dictiones
378 3489 414 3549 ὡς
432 3492 462 3547 εἴ
473 3511 503 3562 χε
523 3502 550 3546 st
568 3491 604 3549 ὡς
621 3492 651 3545 εί
663 3512 693 3562 γε
711 3491 749 3561 μὴ
771 3494 958 3559 Schwidopius
977 3496 1057 3545 etism
1076 3493 1277 3553 sPlutsreho„

226 3582 352 3645 Aristide,
372 3583 485 3646 Gaiano,
505 3583 599 3634 Cassio
613 3584 702 3633 Dione
722 3590 749 3633 et
766 3582 912 3633 serioribus
931 3582 1037 3645 adtulit,
1055 3581 1105 3631 ssd
1122 3586 1263 3645 utramque

225 3670 284 3733 ipss
308 3671 428 3734 inprimis
446 3670 583 3721 Lucisnus
607 3671 769 3736 frequentat.
850 3663 946 3717 ἔπειτα
964 3668 1001 3718 Μ.
1038 3661 1086 3716 ε’πί
1106 3683 1137 3717 τε
1154 3665 1186 3715 ΙΙ
1202 3672 1229 3716 st
1247 3683 1263 3715 v

228 3761 254 3805 ei
272 3757 386 3807 fortasse
405 3757 440 3806 Φ.
512 3750 578 3806 ἄλλο
596 3754 648 3822 μέν
664 3748 762 3823 μηδὲν]
781 3758 820 3806 its
838 3757 944 3807 correxi
961 3756 989 3805 in
1007 3756 1058 3819 Ep.
1069 3754 1114 3805 Cr.
1131 3770 1157 3818 p.
1168 3754 1262 3804 XLIV.

226 3843 287 3893 libri
306 3837 372 3893 ἀλλο
390 3837 480 3909 μηδὲν
497 3871 539 3893 -.
577 3845 639 3896 vids
658 3846 692 3894 D.
713 3844 808 3893 Msrst.
828 3843 874 3902 IV,
892 3840 921 3892 3:
940 3835 957 3906 ἡ
978 3833 1006 3890 δ’
1028 3833 1094 3890 ἀλλο
1112 3837 1164 3906 μέν
1181 3833 1264 3890 οάδέν

227 3917 301 3997 εὗρε,
319 3927 403 3981 τοῦτο
423 3923 453 3981 δέ
471 3925 612 3996 μόνον-,
630 3932 754 3995 Thucyd.
772 3931 795 3993 1,
815 3929 877 3981 139:
898 3922 964 3978 ίίλλο
982 3925 1034 3994 μέν
1051 3921 1175 3979 οάδέν-
1192 3922 1263 3978 αὐτὰ

227 4009 353 4077 δὲτάδε,
373 4018 497 4083 Thucyd.
510 4019 583 4077 vul,
595 4017 642 4070 67:
662 4010 727 4067 ἀλλο
746 4014 797 4082 μέν
815 4009 907 4075 οάδέν,
928 4009 996 4066 αιἰτὸ
1017 4009 1047 4066 δέ
1061 4013 1155 4069 τοῦτο.
1173 4034 1263 4084 nequo

227 4121 340 4171 usquam
358 4106 386 4156 in
404 4105 503 4156 talibus
520 4102 572 4171 μέν
588 4111 679 4171 potest
696 4105 802 4156 abesse.
1047 4120 1050 4123 ·

299 4192 339 4247 12.
374 4208 410 4257 με
438 4188 560 4257 σκοπεῖν]
584 4188 636 4258 μέν
660 4189 774 4242 σκοπεῖν
790 4191 828 4242 Π.
865 4193 914 4242 etsi
937 4193 1024 4257 magis
1041 4191 1180 4244 Lucisnss
1203 4198 1265 4243 sunt

225 4283 274 4331 sut
291 4272 353 4345 ἀίρα
376 4295 427 4343 μοι
451 4278 566 4330 σκοπεῖν
588 4284 636 4330 sui
659 4272 721 4344 ιίίρα
739 4276 868 4341 σκοπεῖν,
896 4278 967 4344 apud
986 4279 1054 4329 alios
1072 4284 1162 4330 tamen
1183 4281 1263 4330 etism

226 4368 398 4418 accusativus
416 4371 517 4432 exstat,
542 4372 573 4417 ut
595 4383 638 4432 sp.
659 4366 821 4432 Sophoclem
840 4366 925 4431 Ajsce
943 4382 970 4416 v.
989 4366 1040 4420 245
1067 4367 1140 4418 etin
1158 4364 1263 4430 Oedipo
