3084 5168
477 430 551 482 επ]
570 430 709 482 mom
728 430 939 484 πτυστον.
1156 414 1228 497 163

192 597 391 685 ὑποβλέπειν
414 593 475 667 οὖν
497 605 529 675 ἐς
556 597 617 667 τδν
638 601 777 687 πλησίον
802 600 910 687 δεήσει
938 601 1088 670 κάκεῖνον
1110 604 1229 688 ζηλοῦν

193 704 245 768 καί
265 700 456 789 μανθάνειν
478 712 540 770 τοῦ
562 704 697 771 δείπνου
717 703 780 790 τήν
802 703 1014 772 ἀκολουθίαν.
1061 706 1109 771 16.
1132 705 1173 773 τὰ
1196 706 1228 771 δ’

191 806 271 873 ἄλλα
292 808 438 883 ποικίλος
460 806 492 873 εἰ
509 807 564 873 καί
590 806 742 894 θορύβου
770 809 874 884 πλέως
900 808 963 895 τήν
991 809 1110 901 φυγήν,
1146 808 1230 896 πρὸς

191 917 311 977 ελιαστα
331 918 398 979 τιόν
418 912 655 999 πραττομένων
677 914 953 1002 ἐκπεπληγμένος.
983 915 1036 979 καί
1065 914 1137 1001 ἄρτι
1166 919 1231 1001 μλν

192 1012 429 1101 εὐδαιμονίζεις
449 1014 510 1082 τδν
531 1014 691 1083 πλαίσιον
717 1024 778 1083 τοῦ
798 1024 920 1106 χρυσοῦ
939 1018 994 1083 καί
1014 1026 1072 1084 τοῦ
1097 1020 1230 1104 ἐλέφαν-

191 1145 249 1193 τος
276 1120 331 1185 καί
357 1128 417 1205 τής
443 1118 606 1206 τοσαύτης
634 1130 769 1207 τρυφῆς,
796 1120 868 1207 ἄρτι
889 1121 925 1187 δὲ
948 1122 1110 1207 οἰκτείρεις
1134 1146 1230 1189 σεαυ-

188 1221 261 1303 τδν,
287 1222 329 1299 ὡς
349 1221 389 1291 τδ
411 1224 517 1310 μηδὲν
541 1224 584 1291 ιίν
608 1224 677 1292 εἶτα
699 1230 759 1310 ζήν
779 1223 1038 1312 ὑπολαμβάνεις.
1069 1226 1172 1294 ἐνίοτε
1195 1227 1230 1292 δὲ

191 1326 321 1395 κάκεῖνο
345 1328 517 1418 εἰσέρχεταί
538 1353 585 1408 σε,
618 1328 660 1404 ὡς
690 1328 833 1415 ζηλωτόν
854 1354 928 1396 τινα
949 1328 1053 1418 βιώσῃ
1075 1328 1135 1398 τδν
1155 1331 1232 1417 βίον

191 1433 320 1498 ι’ίπασιν
341 1432 472 1508 ἐκείνοις
500 1430 708 1521 ἐντρυφήσων
731 1434 784 1500 καί
805 1436 956 1520 μεθέξων
979 1433 1086 1501 αἰτῶν
1107 1439 1139 1510 ἐξ
1160 1439 1231 1501 ἰσο-

187 1535 311 1621 τιμίας·
337 1539 396 1602 σίει
417 1534 479 1625 γὰρ
503 1538 603 1604 εἰσαεί
625 1537 785 1605 Διονύσια
814 1536 982 1624 ἑορτάσειν
1009 1538 1064 1604 καί
1087 1563 1156 1603 που
1177 1540 1230 1604 καί

187 1638 343 1728 μειράκια
365 1638 467 1727 ὡραῖα
490 1639 731 1729 διακονούμενα
753 1643 806 1709 καί
827 1641 938 1728 ήρὲμα
966 1640 1229 1727 προσμειδιῶντα

186 1744 439 1835 γλαφυρωτέραν
460 1742 644 1835 ὑπογράφει
668 1771 721 1814 οσι
741 1746 807 1832 τήν
835 1746 1020 1832 μέλλουσαν
1047 1742 1227 1833 διατριβήν,

188 1852 272 1917 ὥστε
295 1856 432 1939 συνεχῶς
453 1846 492 1916 τδ
509 1847 695 1936 Ὁμηρικὸν
717 1855 818 1916 ἐκεῖνο
842 1851 1113 1938 ἐπιφθέγγεσθαι,

296 1951 334 2018 οὐ
357 1955 489 2039 νέμεσις
517 1954 632 2040 Τρῶας
653 1955 706 2021 καί
729 1952 927 2040 ἐυκνήμιδας
944 1951 1095 2043 Ἀχαιοὺς

188 2056 296 2124 πολλὰ
318 2070 435 2146 πονεῖν
456 2059 509 2124 καί
531 2057 710 2145 ὑπομένειν
734 2057 815 2144 ὑπέρ
831 2066 891 2142 τῆς
906 2055 1070 2142 τσσαίτης
1083 2061 1104 2099 ⁹
1119 2057 1229 2124 εὐδαι-
1247 2070 1298 2121 672

185 2161 319 2248 μονίας.
345 2162 528 2247 φιλοτησίαι
550 2161 589 2229 τὸ
612 2163 665 2229 ἐπί
687 2160 802 2249 τούτῳ,
838 2160 892 2225 καί
916 2158 1041 2246 σκίιφσν
1063 2160 1227 2249 εὐμεγέθη

185 2264 261 2334 τινὰ
285 2264 422 2351 αἰτήσας
444 2266 587 2352 προῦπιέ
609 2290 661 2332 σοι
682 2273 726 2352 τῷ
749 2262 940 2350 διδασκάλω,
964 2264 987 2347 ή
1011 2265 1029 2328 ὅ
1050 2290 1081 2329 τι
1104 2263 1229 2349 δήποτε

185 2367 388 2457 προσειπών·
415 2367 455 2436 σε)
475 2370 510 2436 δὲ
526 2367 646 2456 λαβὼν,
671 2369 722 2434 ὅτι
742 2369 807 2453 μέν
827 2393 858 2434 τι
881 2392 917 2433 σε
939 2368 992 2432 καί
1015 2365 1119 2434 αὐτὸν
1141 2368 1229 2432 ἐπει-

186 2487 264 2541 πεῖν
292 2473 370 2551 ἔδει,
400 2469 568 2562 ήγνίιησας
596 2471 656 2539 ὑπ’
679 2470 829 2557 ἀπειρίας
856 2472 910 2537 καί
939 2469 1102 2561 ἀγροικίας
1132 2468 1228 2546 δόξαν

188 2573 302 2664 ὦφλες.
343 2579 392 2642 17.
416 2576 600 2663 ἐπίφθονος
623 2575 655 2641 δ’
679 2569 740 2643 οὖν
761 2573 830 2642 τίπδ
852 2584 912 2661 τής
934 2574 1129 2665 προπόσεως
1150 2575 1230 2641 ἐκεί-

186 2707 256 2769 νης’
270 2683 401 2756 πολλοῖς
422 2688 489 2748 τῶν
509 2683 657 2747 παλαιῶν
674 2680 776 2767 φίλων
792 2682 975 2771 γεγένησαι,
1000 2682 1052 2747 καί
1067 2678 1231 2767 πρότερον

187 2788 243 2853 ἐπί
265 2794 306 2875 τῇ
328 2785 508 2853 κατακλίσει
537 2782 702 2871 ἐλέιπησίις
730 2810 821 2861 τινας
850 2784 968 2865 αὐτῶν,
1004 2785 1054 2852 ὅτι
1082 2782 1230 2872 τήμερον

186 2893 274 2976 ήκων
297 2889 505 2977 προύκρίθης
528 2888 655 2976 ἀνδρῶν
677 2891 818 2975 πολυετή
837 2889 985 2956 δουλείαν
1007 2886 1225 2975 ήντληκδτων.

188 2994 292 3070 εὐθυς
323 2991 385 3061 οὖν
406 2996 460 3060 καί
489 2989 640 3068 τοιοῦτός
668 3020 717 3070 τις
748 2998 784 3060 ἐν
806 2992 918 3069 αὐτοῖς
940 2993 1014 3079 περί
1038 2999 1096 3059 σοῦ
1119 2989 1225 3081 λόγος·

260 3175 302 3227 16.
319 3172 377 3225 τῶν
393 3168 602 3239 τραπομένων]
621 3169 678 3223 τῶν
693 3170 897 3239 πεπραγμένων
905 3171 940 3231 Φ,
962 3171 1041 3222 male.
1068 3171 1130 3221 vide
1147 3188 1228 3236 supra

188 3279 213 3312 ο.
233 3262 266 3314 15
285 3263 342 3312 init.
412 3252 640 3327 ὑπολαμβάνειν]
660 3260 779 3311 Οολνεῖιιε
798 3260 828 3312 V.
847 3260 878 3309 L.
897 3275 923 3324 p.
941 3258 1007 3312 2⁴0:
1025 3251 1225 3324 δπελδμβανιε,

188 3350 232 3399 oui
250 3347 424 3412 conjecturne
444 3351 565 3413 proxima
589 3346 685 3397 verba:
714 3340 802 3396 ἐνίοτε
828 3339 858 3395 δέ
884 3339 995 3395 κίικείνο
1014 3374 1048 3379 -
1066 3352 1226 3410 repugnant.

240 3425 402 3502 εἰσέρχεταή
421 3429 614 3501 ίπεισέργετσί
630 3434 661 3484 Y.
730 3427 830 3503 βιώσῃ]
855 3426 968 3498 βιοίσειε
991 3432 1050 3483 ΦΔ.
1127 3423 1226 3495 εἰσαεὶ]

187 3521 264 3573 AC&
282 3528 310 3572 ελ
327 3537 352 3571 v.
381 3515 408 3574 ἐν
426 3513 471 3570 δελ
488 3519 522 3570 Ω.
552 3515 628 3569 ε’σαεί
645 3520 677 3571 Δ.
748 3515 801 3584 τήν
821 3513 976 3584 μέλλουσαν
1000 3512 1158 3584 διατριβήν]
1176 3514 1228 3582 τήν

189 3601 339 3675 διατριβήν
354 3602 405 3672 τήν
422 3600 576 3672 μέλλουσαν
583 3607 615 3657 Δ.
689 3600 1031 3674 ε’πιφθέγγεσθσιΕΦΑΩ.
1050 3604 1226 3673 φθέγγεσθαι

188 3713 213 3746 τ.
284 3685 451 3759 ἐϋκνήμιδας
468 3695 641 3745 Ιιείισιεοτιιιε
659 3710 707 3759 pro
727 3685 902 3759 εἰκνήμιδσε.
937 3708 1032 3743 versus
1057 3698 1098 3741 εελ
1116 3692 1227 3742 Homeri

188 3783 220 3835 u,
248 3777 281 3849 γ’,
308 3782 367 3835 156.
448 3775 555 3847 σκίφον
581 3774 717 3848 εὐμεγέθη
741 3776 804 3830 τινὰ
828 3777 953 3830 ΕΦΑΟΩ
977 3785 1004 3828 et
1027 3778 1141 3828 fortasse
1165 3778 1225 3828 ΜΔ.

189 3864 295 3934 στέφον
312 3863 449 3935 εὐμεγέθη
467 3866 508 3921 τίκ
526 3867 586 3919 edd.
606 3868 783 3919 κοιταστέον
805 3868 890 3929 ‚nostri
910 3866 1069 3915 Convivium
1089 3881 1112 3915 ε.
1133 3863 1174 3915 14.

189 3950 233 4006 ὅτι
250 3955 346 4020 μένει
363 3955 518 4006 Jacobsius.
547 3948 607 4004 δτι
623 3954 676 4018 μέν
692 3971 720 4004 τι
737 3971 762 4006 v.
790 3953 838 4005 εεεΙ
857 3946 901 4003 ὅτι
918 3950 971 4018 μέν
987 3967 1015 4000 τι
1033 3953 1069 4014 Α,
1096 3952 1141 4017 qui
1159 3951 1226 4002 alias

188 4043 260 4095 haud
278 4059 338 4094 raro
358 4036 383 4101 δ’,
402 4056 430 4092 τι
448 4041 550 4104 scribit,
569 4057 622 4092 non
642 4058 748 4106 semper
771 4046 880 4103 tamen,
908 4038 952 4089 ubi
981 4054 1012 4089 eo
1039 4053 1106 4103 opus
1125 4044 1173 4089 est.

189 4125 315 4180 ἐπειπεῖν
332 4121 391 4179 έδει
410 4128 444 4179 Φ.
473 4122 603 4178 ὑπειπεῖν
621 4118 716 4179 ίδειλ
735 4133 762 4177 et
779 4145 815 4189 π,
834 4126 907 4193 quod
915 4126 1008 4176 vitium
1026 4123 1225 4190 nequeJneob-

187 4219 245 4267 εἰπε
261 4233 350 4283 neque
368 4218 470 4268 caeteri
479 4216 659 4266 attenderunt.
714 4208 850 4280 ἀπειρίας]
862 4207 1006 4277 ἇπειρείαε
1014 4212 1047 4264 V.
1072 4204 1225 4279 σἰπορίαεα.

259 4302 300 4356 17.
319 4297 463 4367 έλέιπησάε]
483 4303 599 4353 nodatus
617 4301 651 4351 ob
670 4300 735 4351 illud
753 4294 895 4367 πρίτερον
912 4305 986 4351 reete
1010 4298 1100 4349 habet.
1128 4299 1227 4347 frustra

188 4389 310 4443 Βελλειι
327 4383 476 4454 λνπήσσε.’
528 4381 661 4453 πολυετῆ]
684 4380 804 4452 πολυέτη
823 4389 856 4440 Δ.
927 4381 957 4436 ἰν
971 4379 1070 4449 Ἰαὐτοῖς
1091 4386 1157 4451 περὶ
1176 4378 1225 4432 σοῦ

966 4472 1019 4525 11*
