3066 5162
293 420 365 494 154
694 450 922 504 Aommor

222 641 271 693 itt
288 650 326 691 τε
352 621 374 708 ἦ
398 620 562 709 Δημήτηρ
593 636 724 713 παρεῖχε
750 625 803 689 καί
834 622 852 688 5
881 620 1044 697 Διόνυσος
1067 625 1087 663 ⁴*
1111 619 1202 688 οίνον
1223 623 1278 687 καί
1309 621 1327 688 5

283 726 448 814 Ἡρακλῆς
474 728 551 812 κρίσι
579 729 632 793 καί
659 725 769 814 μύρτα
790 726 812 812 ἦ
833 726 1010 813 Ἀφροδίτη
1034 727 1088 792 καλ
1111 723 1128 792 5
1151 724 1326 793 Ποσειδῶν

290 830 456 919 μαινίδας.
500 832 573 915 ἅμα
601 829 637 897 δὲ
665 834 718 897 καί
745 838 805 915 τῆς
833 830 1018 917 ἀμβροσίας
1046 828 1155 916 ἡρέμα
1185 831 1238 895 καί
1267 837 1328 895 τοῦ

291 938 442 1020 νέκταρος
481 932 732 1023 παρεγευόμην·
780 932 797 999 5
830 933 893 1023 γάρ
924 936 1090 1020 βέλτιστος
1121 931 1328 1019 Γανυμήδης

289 1036 357 1106 555
388 1038 636 1124 φιλανθρωπίας
666 1040 696 1105 εἰ
723 1036 884 1104 θεάσαιτο
915 1035 1147 1124 ἀποβλέποντά
1178 1061 1238 1103 ποι
1269 1033 1327 1103 τὸν

290 1142 371 1221 Δία,
404 1140 542 1228 κοτύλην
570 1142 611 1208 ἄν
639 1142 662 1227 ἢ
691 1143 745 1207 καί
775 1138 835 1207 δύο
864 1148 926 1207 τοῦ
954 1143 1109 1227 νέκταρος
1141 1142 1237 1230 ἐνέχει
1268 1164 1329 1226 μοι

290 1247 407 1333 φύρων.
445 1251 476 1313 ol
507 1247 542 1313 55
570 1248 664 1325 θεοί,
699 1245 740 1321 ὡς
760 1243 915 1332 Ὅμηρός
943 1271 1012 1313 που
1039 1248 1121 1334 λέγει
1149 1248 1202 1311 καί
1230 1243 1329 1319 αὐτὸς

292 1348 386 1436 οἶμαι
406 1348 560 1435 καθάπερ
584 1347 643 1439 ἐγὼ
664 1349 755 1416 τάκεῖ
774 1350 995 1435 τεθεαμένος,
1022 1349 1098 1416 ούτε
1121 1362 1212 1416 σῖτον
1233 1347 1328 1416 ἐ’δου-

292 1479 344 1521 οιν
366 1452 442 1521 οὔτε
470 1455 623 1521 πίνουσιν
645 1456 777 1520 αίθοπα
808 1452 911 1533 οἶνον,
945 1452 1022 1520 ἀλλά
1055 1451 1119 1539 τὴν
1141 1451 1329 1540 ἀμβροσίαν

290 1558 534 1644 παρατίθενται
566 1560 619 1624 καί
640 1566 702 1626 τοῦ
723 1560 877 1644 νέκταρος
908 1555 1153 1644 μεθύσκονται,
1184 1555 1327 1681 μάλιστα

292 1661 326 1729 55
348 1664 487 1747 ν’δονται
510 1660 700 1786 σιτούμενοι
721 1659 782 1729 τόν
803 1666 838 1727 ἐκ
859 1668 925 1728 τῶν
946 1668 1072 1728 θυσιῶν
1093 1658 1223 1727 καπνὸν
1244 1659 1328 1749 αὐτῇ

290 1765 384 1855 κνίσῃ
413 1765 677 1855 ἀνενννεγμίνον
705 1766 759 1831 καλ
791 1763 829 1831 55
859 1762 1010 1851 αίμαὲ
975 1764 1010 1831 55
1042 1771 1108 1831 τῶν
1138 1764 1321 1851 ίερείειν,
1310 1765 1329 1830 5

290 1881 360 1944 τοις
387 1870 449 1955 βιογ
449 1882 513 1945 τοῖς
541 1873 572 1935 ολ
600 1866 741 1945 θύοντες
770 1872 982 1959 περιχέουσιν.
1019 1867 1113 1935 55
1098 1874 1185 1956 ὲτῷ
1209 1868 1328 1955 δείπνῳ

221 1972 312 2040 78οό
342 1997 378 2037 τε
406 1969 576 2038 Ἀπόλλων
610 1971 775 2058 ἐκιθάρισε
807 1975 861 2039 καί
895 1971 912 2039 5
946 1969 1100 2058 Σειληνὸς
1132 1940 1275 2058 κύρδαιια
1307 1975 1329 2013 ⁴*

292 2072 458 2164 ὠρχήσατο
488 2077 541 2142 καί
572 2081 606 2141 ul
635 2081 771 2144 Μοῦσαι
806 2075 990 2143 ἀναστᾶσαι
1021 2083 1081 2159 τῆς
1109 2102 1145 2142 τε
1168 2073 1329 2143 Ἡσιόδου

297 2178 479 2266 Θεογονίας
499 2174 585 2268 ᾖσαν
607 2178 691 2266 ἡμῖν
712 2181 766 2247 καί
787 2177 850 2265 τήν
872 2179 1006 2267 πρώτην
1028 2178 1118 2267 ᾠδὴν
1138 2182 1329 2266 εῶνύγιναν

291 2289 356 2349 τῶν
388 2281 573 2368 Πινδάρου.
620 2282 759 2370 κάπειδή
789 2280 884 2371 κάρος
916 2279 972 2368 ἦν,
1010 2281 1252 2370 ἀνεπαυόμεθα
1286 2280 1329 2357 ὥς

293 2384 375 2474 εἶχεν
397 2395 530 2461 ἕκαστος
554 2391 668 2463 ἱκανῶς
689 2387 981 2476 ὑποβεβρεγμένοι.
1029 2390 1080 2456 28.

292 2547 372 2598 555
390 2548 448 2599 scil.
470 2565 502 2599 ex
521 2550 648 2600 Homero.
721 2543 888 2615 ἀμβροσίαν]
911 2543 1069 2616 ἀμβροσίην
1088 2548 1178 2601 ΦΛΟ.
1249 2548 1326 2619 κνίσῃ

294 2634 354 2686 55.
390 2633 483 2704 κνίσσῃ
504 2651 529 2683 ν.
602 2630 819 2703 ἀνενηνεγμένον
837 2636 960 2687 διεσείετο
978 2638 1051 2687 L.L.
1070 2637 1164 2702 5243
1184 2642 1211 2688 et
1229 2636 1328 2703 5248,

293 2722 332 2772 uti
340 2721 478 2772 Lucienus
488 2730 652 2774 constanter.
682 2723 734 2774 hoo
753 2724 813 2773 loco
828 2723 888 2773 libri
907 2717 1100 2791 ἇνιγνεγμλνον.
1172 2716 1328 2786 ἐκιθάρισε]

294 2802 440 2872 ἐκιθάριζε
459 2808 523 2858 ΦΛ.
561 2803 724 2873 ἐκιθάριζεν
743 2810 775 2859 G.
848 2803 1000 2873 οιληνδεΙ).
1030 2804 1147 2872 calmae
1166 2810 1198 2861 G.
1268 2803 1328 2876 τῆε]

291 2890 342 2948 τίει
358 2896 390 2945 V.
459 2893 516 2944 τῶν
532 2888 679 2964 Πινδάρου
690 2897 818 2947 CDTVY.
854 2893 904 2946 τοῦ
921 2890 1202 2963 πινδάρονΦθεεν.
1230 2899 1329 2947 frustra

291 2978 349 3032 τῶν
379 2978 432 3031 τοῦ
456 2974 603 3047 Πινδάρου
627 2982 781 3033 Jacobsins.
818 2985 933 3048 pessimo
960 2992 1051 3036 eutem
1074 2986 1235 3049 interpretes
1266 2998 1327 3033 oum

292 3068 452 3119 scholiasta:
471 3072 529 3126 ,καλ
546 3065 598 3133 τὴν
615 3064 731 3134 πρώτην
749 3062 834 3134 ᾠδὴν]
852 3064 900 3119 τό·
913 3063 1043 3135 ’Ἀριστον
1059 3066 1111 3134 μὲν
1128 3064 1216 3135 ίίδοιρ·
1235 3068 1269 3120 εδ
1281 3068 1325 3119 ΟΙ.

291 3155 379 3205 linit.
398 3155 566 3218 oberrarunt,
585 3159 630 3222 qui
648 3157 725 3207 locus
744 3173 798 3207 non
816 3157 859 3207 hio
878 3157 926 3207 sod
945 3159 972 3207 in
991 3156 1132 3209 Gelloo.7
1151 3156 1258 3208 adlatus
1277 3160 1327 3205 est

292 3244 367 3307 atqui
392 3241 418 3292 h.
442 3243 459 3292 1.
483 3236 575 3305 λίμναν
597 3243 696 3309 legitur
714 3261 768 3294 uon
791 3237 941 3295 ἐπινικίων.
977 3246 1026 3295 sed
1043 3244 1277 3296 Pseudolueianus
1299 3243 1328 3291 in

291 3328 572 3379 Dom.Enoom.o.19
592 3330 733 3381 εΡῑσδεεο
752 3346 799 3381 sor
816 3346 912 3380 vorsus
930 3330 1030 3382 adfert:
1046 3325 1173 3396 Ἰσμηνὸν
1189 3358 1224 3367 -
1241 3322 1327 3394 ύμνὴ-

292 3429 386 3478 εομεν,
412 3414 459 3464 uhi
483 3417 583 3479 optime
602 3417 775 3468 scholiastes:
800 3411 937 3482 Ἰσμηνὸν]
958 3411 1040 3482 ἀργαί
1057 3414 1121 3484 (sor.
1140 3412 1222 3484 ιἰρχὴ)
1240 3412 1329 3467 ταῦτα

290 3497 347 3551 τῶν
371 3494 519 3572 Πινδάρου
540 3499 591 3553 τοῦ
621 3497 775 3569 μελοποιοῦ
799 3499 900 3569 λίμναν.
937 3505 1000 3555 huio
1026 3522 1089 3556 vero
1114 3505 1277 3556 scholiastae
1299 3509 1328 3553 et

291 3589 444 3640 Boeolrhius
471 3590 638 3655 (Fragment.
662 3593 771 3643 Pindar.
797 3608 823 3657 p.
848 3590 910 3652 555)
939 3598 967 3641 et
992 3593 1124 3657 Borgkius
1152 3593 1252 3656 (Lyric.
1279 3590 1326 3641 Gr.

289 3692 316 3741 P·
333 3675 385 3732 225
405 3677 447 3729 ed.
467 3678 533 3739 seu.)
559 3680 697 3731 verissime
722 3679 903 3730 crediderunt.
940 3693 1037 3744 nempe
1055 3678 1127 3730 huno
1145 3681 1231 3744 ipsum
1250 3678 1326 3742 hym-

289 3779 352 3813 num
372 3764 533 3816 Plutarchus
552 3766 604 3828 (Do
625 3766 697 3817 Glor.
717 3766 814 3817 Athen.
834 3760 915 3826 c.lVl
933 3765 1129 3830 πανσπερμίαν
1145 3760 1210 3814 τινὰ
1225 3759 1328 3829 μύθων

290 3854 319 3899 et
336 3850 472 3900 Boekhius
489 3851 507 3901 l.
527 3853 544 3902 l.
563 3868 589 3917 p.
601 3852 651 3904 553
668 3853 790 3912 ,Pindari
808 3853 1005 3917 Theogoninm‘
1029 3852 1209 3917 adpellarunt.
1234 3854 1326 3917 itaque

289 3935 427 3986 Luoianns
444 3953 505 3988 oum
516 3939 628 3989 Hesiodi
641 3940 789 4004 theogonia
805 3938 876 3989 huno
886 3939 996 3989 Pindari
1013 3939 1141 4002 hymnum
1160 3937 1326 4004 conjungere

289 4023 379 4087 potuit
396 4038 429 4073 eo
447 4038 534 4088 poeno
553 4024 657 4082 debuit,
687 4024 872 4091 Olympiorum
891 4026 993 4075 initium
1019 4024 1184 4090 conjungere
1205 4038 1259 4076 non
1276 4037 1325 4089 po-

289 4109 349 4159 tuit.
420 4102 660 4176 ὑποβεβρεγμένοι
678 4112 702 4161 (l
720 4119 747 4163 et
765 4129 790 4162 v.
827 4108 1068 4178 ὑποβεβρεγμένοι
1077 4110 1186 4161 (ίΒΦΛ
1203 4118 1230 4161 et
1247 4111 1325 4163 eoho-

289 4194 379 4257 liasta,
398 4195 470 4260 qnod
489 4197 687 4262 explodendum
705 4204 755 4249 est.

356 4280 399 4337 28.
436 4274 516 4332 ἄλλοι
533 4311 568 4320 -
586 4278 678 4350 ὕπνοι]
698 4284 831 4337 Homerus
849 4284 886 4335 dl.
897 4279 938 4350 β’,
959 4283 1035 4351 lsq.‚
1053 4285 1099 4334 uhi
1120 4285 1224 4336 estAla
1241 4276 1268 4334 δ’
1281 4309 1323 4333 -.

357 4361 400 4433 ἔχε
418 4366 479 4420 ΦΘ.
517 4363 571 4435 είγε
589 4372 614 4421 D
639 4378 666 4422 st
689 4370 749 4422 edd.
770 4375 886 4422 veteres.
966 4363 1073 4435 μᾶλλον
1097 4361 1125 4419 5'
1150 4371 1186 4422 Φ.
1220 4363 1327 4437 γεείλλεκ
