3050 5160
270 411 343 484 190
670 440 900 493 Λονιωιοτ

265 634 347 698 νον·
384 610 460 699 mul
480 613 543 697 νίν
566 604 628 678 οὖν
648 608 847 698 burim
868 616 904 679 e
926 610 1010 701 sup
1028 612 1141 702 ίιίίίν
1161 614 1306 703 γένναν·

265 715 321 782 ταί
347 740 408 801 μοι
441 716 495 782 sul
524 712 702 801 δεδήλωται
733 713 879 805 μέγαθός
907 742 943 783 το
974 714 1075 785 αὐτοῦ
1109 717 1163 783 ναί
1197 716 1306 807 ίοχίος

265 816 430 905 ὑπορβολῆ
453 818 509 885 ναί
535 817 557 904 ἡ
580 820 748 907 ὕπαιθρος
775 824 813 887 is
833 827 878 908 τῴ
900 819 1069 909 Παρνασῷ
1100 819 1179 906 οὖνὴ
1203 820 1302 907 ναίὴ

267 979 354 1030 eidem
374 978 552 1041 (subernon.
572 996 595 1031 c.
616 980 641 1041 ll
659 980 816 1032 adsentiens
829 982 1024 1033 Demonactcm
1042 983 1232 1048 philosophum
1249 999 1305 1034 non

267 1065 338 1117 ultrs
355 1066 440 1117 Marci
459 1074 581 1133 tempora
598 1069 680 1119 rItsm
690 1068 849 1134 produxisse
869 1068 992 1120 arbitror.
1030 1085 1100 1135 quse
1118 1071 1231 1120 sirecte
1250 1069 1304 1120 dis·

266 1157 361 1218 putata
378 1160 450 1216 sunt,
469 1154 605 1220 colligitur
624 1155 819 1207 Demonactem
837 1172 892 1207 non
911 1156 995 1207 multo
1014 1161 1077 1208 snte
1095 1162 1209 1208 mortem
1219 1157 1305 1207 Iisrci

266 1241 436 1306 imperatoris
454 1243 471 1293 i.
483 1258 508 1293 e.
528 1242 619 1308 psullo
638 1241 799 1294 suteu.180
818 1242 889 1293 diem
907 1243 1008 1294 ubilsss
1025 1258 1180 1308 supremum
1198 1249 1226 1295 et
1243 1260 1305 1295 rnen

266 1327 381 1379 Luciani
399 1328 495 1380 librum
516 1324 713 1394 ,Δημιίναιπος
730 1328 806 1382 ίίίοςι
826 1330 926 1381 editum
946 1346 1034 1381 ossea

338 1415 363 1466 1.
397 1410 429 1473 τὸ
452 1410 597 1483 παράπαν]
619 1410 790 1483 τοπαράπαν
815 1418 847 1468 A.
886 1412 1099 1468 τοπαντιίπαοιν
1124 1416 1236 1469 ΦΡοίια.
1271 1413 1304 1467 τὸ

266 1496 446 1553 παντάπασιν
463 1521 488 1555 v.
525 1504 711 1555 Herodoteum
734 1498 767 1553 τὸ
791 1499 928 1569 παράπαν
951 1505 1052 1555 babent
1075 1507 1156 1556 etiam
1180 1506 1255 1556 sttici
1276 1512 1306 1555 ut

266 1590 370 1654 ipsein
390 1592 424 1640 1).
444 1592 523 1643 Mort.
542 1592 577 1651 11,
595 1592 612 1644 2
631 1592 657 1641 in
677 1593 710 1641 I).
731 1591 840 1642 Meretr.
859 1591 916 1654 XV,
936 1592 951 1643 3
971 1598 998 1642 ct
1016 1593 1113 1643 comici
1126 1592 1306 1643 Pherecrates

267 1692 312 1742 ap.
332 1677 429 1729 Athen.
449 1679 500 1729 VII
517 1694 544 1743 p.
563 1678 625 1739 28⁷,
644 1694 661 1728 a
678 1684 760 1744 atque
778 1677 985 1731 Anaxsndrisies
1001 1695 1045 1744 sp.
1065 1677 1213 1730 stobaeum
1231 1680 1304 1730 Flor.

266 1763 390 1826 LXVIII,
411 1765 423 1816 1
445 1764 481 1827 (v.
504 1764 557 1827 10),
577 1771 605 1815 et
622 1766 738 1817 seriores
757 1771 788 1816 nt
805 1766 858 1817 Dio
877 1766 987 1817 CassIus
1006 1764 1049 1827 58,
1069 1764 1082 1816 1
1098 1767 1166 1828 init,
1184 1781 1232 1831 pro
1251 1781 1305 1831 quo

266 1844 403 1915 παράπαν
420 1867 475 1902 uon
493 1855 578 1917 magis
598 1852 725 1904 usitatum
745 1858 787 1903 est
804 1868 884 1918 quarn
908 1847 940 1902 τὸ
959 1845 1137 1903 παντάπασιν
1154 1868 1203 1918 pro
1222 1854 1305 1904 attico

249 1931 452 1987 παντάπασιν.
534 1933 665 2005 ἐνφανιῖν
684 1940 803 1990 Cobstus
821 1940 852 1992 V.
872 1940 903 1989 L.
924 1956 950 2005 p.
970 1938 1029 1992 100.
1065 1939 1129 1989 libri
1151 1933 1303 2004 ἐκφαίνειν.

335 2019 726 2094 Σώατρατον]οοίοαντρονΑ.
798 2018 829 2075 οἰ
846 2019 1075 2091 ‘lilipvsrloiurn
1085 2025 1117 2076 Ρ.
1188 2019 1235 2075 ἐπί
1251 2020 1305 2090 μή·

266 2126 362 2162 ιιιατον
379 2114 402 2164 Δ
422 2119 449 2164 st
466 2130 492 2164 v.
528 2107 711 2178 ἐπιμήνιιοτον
728 2113 863 2165 ΒΦΡοίνο.
936 2108 965 2162 ἐν
983 2104 1054 2176 istu
1073 2105 1181 2178 papus]
1201 2112 1235 2163 de
1254 2112 1304 2164 So·

267 2203 351 2250 strato
375 2199 489 2251 Lucisui
513 2216 599 2265 nuper
623 2200 838 2252 dissertationem
862 2200 933 2251 edidi
957 2198 1226 2260 (persecutrices).

267 2278 411 2350 inustione
427 2286 497 2338 libri.
535 2282 689 2353 ὑπαίθριος
705 2288 832 2346 Belinus,
859 2286 932 2353 quod
956 2287 1046 2338 atticis
1070 2287 1195 2337 usitatius
1218 2291 1305 2336 estet

267 2374 319 2439 ipsi
336 2373 468 2437 Lucisne,
486 2375 532 2440 qui
549 2374 621 2425 Idem
640 2380 715 2426 certo
734 2376 813 2425 etiarn
832 2367 974 2441 ὕπαιθρος
988 2375 1136 2438 usurpas-lt
1164 2372 1226 2423 vide
1244 2388 1305 2423 mea

267 2460 310 2511 De
328 2461 461 2511 Atticism.
479 2461 546 2512 Luc.
565 2462 578 2510 I
596 2477 623 2526 p.
645 2460 675 2512 15
700 2465 727 2511 et
750 2460 819 2512 sdde
843 2460 1011 2511 Lobcckiuur
1034 2459 1069 2510 sd
1087 2459 1187 2523 Pbryn.
1206 2474 1232 2524 p·
1253 2458 1305 2513 252

268 2552 350 2612 atque
368 2546 555 2598 Blomfieldum
579 2546 614 2597 ad
641 2544 1009 2599 sesch.Prometu.v.113
1032 2547 1061 2597 in
1079 2546 1226 2597 Glossario.

267 2628 402 2699 rrupvsuqi
420 2635 452 2685 Δ.
488 2629 638 2701 παρναοοῷ
659 2633 708 2685 ΦΒ
728 2639 789 2686 etv.
861 2627 926 2697 οὖνὴ
946 2627 1028 2696 ιιαίὴ
1049 2626 1180 2686 ἐπίπονος
1199 2625 1304 2696 δίαιτα]

267 2720 307 2771 its
324 2722 485 2785 transposui.
521 2720 583 2771 libri
605 2712 700 2771 δίαιτα
723 2723 770 2771 ναί
793 2716 810 2785 ἡ
836 2714 968 2773 ἐπίπονος
992 2713 1065 2783 οὖνὴ.
1104 2720 1144 2770 sic
1163 2723 1191 2769 et
1209 2710 1304 2768 δίαιτα

268 2809 315 2857 sul
331 2806 440 2874 τροφαί
455 2812 518 2873 apte
532 2807 686 2873 junguntur
707 2814 735 2858 et
756 2807 823 2858 illud
844 2802 861 2872 ἡ
882 2801 1014 2860 ἐπίπονος
1036 2797 1133 2854 δίαιτα
1157 2820 1239 2871 quum
1256 2820 1305 2870 per

268 2911 297 2945 se
321 2900 395 2945 recte
420 2895 520 2946 dictum
545 2901 588 2946 est
608 2900 664 2945 tum
689 2894 753 2946 huic
777 2895 898 2946 Sostrstu
925 2894 1047 2944 venatori
1072 2892 1203 2945 scernmo
1221 2891 1303 2958 plane

268 2983 403 3032 convenit.
441 2968 538 3032 deinde'
555 2973 697 3048 ίίπαιθρος
721 2973 786 3044 οὖνὴ
811 2981 883 3047 quod
908 2997 960 3047 ego
985 2979 1112 3031 substitui
1135 2980 1216 3029 etlam
1240 2978 1305 3030 stibi

269 3073 357 3117 exstet
379 3072 409 3117 ut
431 3069 459 3118 in
482 3066 658 3131 Necyomsut.
678 3066 693 3119 7
717 3072 745 3117 et
767 3083 811 3133 sp.
832 3068 1024 3133 Hippocratem
1043 3066 1086 3116 De
1104 3066 1165 3117 usu
1184 3065 1255 3116 Viut.
1273 3066 1304 3115 In

269 3151 355 3202 Morb.
373 3154 422 3203 Ac.
440 3169 467 3219 p.
486 3152 534 3205 391
556 3153 688 3207 ο(1.1ὀοα.
708 3169 806 3219 nempe
826 3153 860 3204 ob
878 3152 1079 3203 similitudinem
1096 3152 1240 3203 verborum
1258 3153 1306 3200 ιιαί

268 3233 285 3304 ἡ
305 3232 446 3305 ὕπαιθρος
463 3239 728 3292 excideruntautev.
758 3232 853 3289 δίαιτα
870 3240 938 3291 ίιαοα
957 3239 1041 3290 verbs
1059 3232 1123 3304 οὖνὴ
1142 3240 1189 3288 ναί
1206 3232 1227 3302 ἦ,
1245 3231 1304 3288 irri-

267 3340 354 3379 πονος
371 3333 399 3376 et
417 3326 545 3391 deinceps
567 3342 622 3379 non
645 3327 775 3378 suissed
793 3334 855 3391 post
872 3343 897 3378 v.
934 3318 1028 3377 δίαιτα
1052 3332 1179 3378 revocata
1197 3332 1260 3376 suut
1278 3330 1306 3376 et

268 3413 339 3464 malo
357 3414 465 3479 quidem
484 3414 592 3466 ordine:
615 3415 661 3464 ναί
679 3407 696 3478 ἡ
717 3408 848 3469 ἐπίπονος
866 3406 941 3477 εὐνή.
979 3415 1007 3464 in
1024 3413 1152 3465 librorum
1170 3413 1306 3476 scripture

269 3516 322 3551 uon
340 3495 357 3565 ἡ
377 3494 519 3569 ὕπαιθρος
535 3528 570 3538 -
588 3492 684 3550 δίαιτα
704 3502 732 3552 in
752 3502 856 3552 offensu
874 3506 951 3562 suut,
976 3515 1046 3566 quse
1071 3503 1151 3551 etism
1174 3500 1201 3549 in
1220 3499 1304 3549 Abdi-

269 3594 323 3640 cat.
341 3586 357 3651 5
375 3589 411 3643 28
433 3595 462 3640 et
484 3588 549 3640 sllbi
562 3588 729 3654 junguntur,
756 3588 805 3640 sed
827 3589 891 3639 icrri
913 3588 1008 3654 nequit
1029 3582 1047 3651 ἡ
1073 3580 1206 3639 ἐπίπονος
1229 3579 1305 3649 εὐνή,

270 3674 353 3727 dictio
378 3693 413 3728 ne
440 3678 528 3744 puetis
551 3676 659 3743 quidem
684 3675 872 3727 condonanda.
908 3675 971 3751 binc
994 3676 1081 3726 critici
1108 3689 1189 3740 quum
1217 3679 1304 3725 trans·

269 3768 403 3831 positione
413 3767 614 3828 sbstinuissent‚
632 3763 761 3829 plurimas
778 3761 1061 3827 trustraconjecturss
1071 3763 1259 3827 excogitarunt
1276 3762 1304 3811 iu

268 3852 312 3904 bis
328 3853 440 3905 Jcnsius
458 3859 487 3906 et
504 3853 621 3904 Gesner:
639 3853 686 3901 sul
703 3846 721 3915 ἡ
741 3842 788 3901 ἐπί
804 3844 876 3904 πόας
893 3844 968 3913 οὖνὴ,
989 3866 1075 3914 nuper
1083 3856 1174 3900 sutem
1185 3849 1304 3900 Cobctus

269 3941 300 3992 V.
326 3941 358 3990 1..
384 3958 411 4006 p.
438 3940 487 3992 119
512 3946 540 3991 ct
561 3939 731 3991 Dindorfius:
758 3939 806 3987 ναί
828 3932 845 4002 ἧ
871 3930 910 3987 ἐπ’
935 3930 1020 4007 ᾐόνος
1043 3930 1118 4001 οὖνὴ.
1205 3929 1306 4004 λῃστὰς

270 4022 358 4093 αίρῶν
375 4026 451 4078 Aue*
474 4031 502 4076 et
519 4042 544 4077 v.
581 4018 681 4095 λῃστὰς
705 4023 794 4093 αἴρων
817 4027 837 4075 Β
862 4030 890 4076 ot
912 4025 1000 4076 codex
1024 4025 1177 4081 Parisinus,
1206 4024 1305 4075 frustrs

269 4114 400 4181 probante
416 4112 564 4164 Jacobitio.
600 4113 684 4165 nihilo
703 4114 798 4164 melior
816 4111 975 4176 conjecturs
990 4112 1098 4162 videtur
1116 4111 1212 4165 Cobsti
1230 4111 1262 4161 V.
1272 4111 1304 4161 1..

269 4219 295 4268 p.
316 4200 380 4253 lli:
399 4192 500 4269 λῃστὰς
516 4197 673 4265 καθαίρων.
711 4200 835 4267 equidem
854 4199 955 4250 dudum
972 4201 1082 4264 scripsi:
1107 4190 1207 4267 λῃστὰς
1225 4191 1303 4247 uivus·

269 4284 335 4357 ρῶν,
355 4287 455 4340 collato
473 4289 597 4353 Appiano
615 4289 657 4339 De
675 4288 751 4340 Bello
770 4286 888 4338 Mithrirl.
907 4304 930 4338 c.
952 4285 985 4338 96
1003 4286 1053 4337 fin:
1071 4279 1170 4355 λῃσταί
1188 4278 1217 4334 δ’
1237 4278 1304 4352 ἀνῃ-

269 4374 397 4443 ρίθηοαν
415 4369 445 4425 ἐν
461 4373 523 4429 ταῖς
539 4370 640 4441 μάχαις
657 4370 731 4441 ipos
749 4371 872 4440 μυρίους.
