3046 5166
222 287 336 369 ,mv
628 284 899 341 ruouuooumm

243 439 352 505 datum
375 447 495 526 est,.ut
515 460 551 506 se
572 459 675 524 neque
697 436 808 505 audire
829 458 934 522 neque
954 436 1064 505 videre
1086 440 1202 506 elamet
1222 461 1282 507 nec

244 560 417 645 quidquam
434 562 629 645 intellegere,
653 560 710 626 sed
728 561 874 626 omnibus
891 559 1180 667 sensibus‘captum
1196 582 1281 629 esse:

245 681 381 766 quodsi
404 683 474 766 quis
497 689 615 748 temere
638 681 838 765 concesserit,
868 682 921 747 ubi
952 688 1026 748 tunc
1048 690 1140 749 erant
1161 684 1282 770 literae,

185 840 193 855 ι
244 804 298 868 nbi
312 802 385 889 ipsa
400 803 460 869 erit
477 803 613 889 religio?
645 804 756 886 ltaque
774 802 927 886 quemad
946 803 1032 868 vitae
1049 823 1141 870 usum
1159 804 1283 891 ἐποχήν

245 924 340 991 istam
362 900 641 992 transterrennllo
663 930 759 1010 pacto
780 925 890 1008 liceat,
920 924 981 990 hoe
1009 945 1106 990 unum
1135 927 1283 1013 scepticis

245 1044 445 1131 largiendum
463 1054 520 1133 est,
543 1054 578 1113 ut
595 1044 707 1112 eadem
725 1044 973 1132 philosophandi
990 1047 1052 1132 via,
1075 1067 1170 1131 qnam
1192 1048 1284 1115 nobis

247 1167 309 1253 ipsi
331 1167 543 1252 praeiverunt,
573 1167 796 1253 ingrediamur.
847 1167 949 1233 Nemo
977 1168 1075 1252 igitur
1102 1188 1196 1235 rems
1225 1170 1284 1237 erit

247 1288 465 1376 philosophus,
486 1289 549 1356 nisi
572 1289 626 1373 qui
648 1287 733 1353 idem
754 1285 910 1354 disserere
932 1288 1014 1355 sciat
1035 1289 1208 1357 dialectice.

731 1601 803 1683 es.

303 1740 426 1820 Quam
458 1739 805 1827 philosophorum
839 1747 993 1807 scetem
1027 1740 1236 1806 Lucienus

381 1867 548 1927 secutus
580 1863 636 1928 sit
665 1869 703 1929 et
732 1863 871 1945 qualis
903 1862 997 1947 ipse
1024 1861 1156 1927 luerit

630 1982 910 2069 philosophus.

337 2138 371 2203 Si
393 2136 465 2221 quis
479 2138 654 2223 Pyrrhonis
676 2146 795 2207 sectam
808 2139 984 2205 Lucianum
1006 2135 1177 2237 aliquandp
1199 2157 1287 2203 secu-

251 2266 318 2324 tum
347 2278 418 2325 esse
445 2258 574 2345 dixerit,
604 2260 748 2347 improbe
780 2261 957 2327 mentietur.
1013 2260 1097 2326 Nem
1129 2259 1289 2325 Lucienus

251 2379 423 2466 Epicurum
452 2386 626 2466 reveretur,
660 2381 858 2467 Pyrrhonem
891 2388 999 2447 autem
1027 2380 1142 2447 acerbe
1174 2379 1289 2446 inridet

252 2501 339 2566 velut
359 2500 393 2566 in
415 2500 580 2567 Vitrinct.
598 2504 681 2588 W,
703 2502 881 2587 Pyrrhonei
902 2508 937 2568 ut
957 2502 1073 2569 Sextus
1092 2501 1289 2586 Pyrrhonem

252 2640 344 2686 suum
366 2618 539 2708 dilaudant,
562 2622 734 2709 Epicurum
755 2642 853 2709 saepe
875 2630 907 2689 et
927 2624 1059 2689 multum
1079 2624 1287 2706 insectantur,

253 2742 308 2808 ille
342 2742 498 2808 rhetorem
531 2741 595 2809 diei
625 2763 661 2810 se
690 2743 863 2827 haberique
891 2744 1005 2828 voluit,
1038 2744 1153 2810 Sextus
1183 2750 1289 2810 antem

254 2862 442 2931 rhetoricam
463 2864 652 2949 marusime
674 2866 814 2951 magiter
835 2864 876 2929 ab
900 2885 1001 2948 eaque
1022 2870 1090 2930 tota
1104 2866 1215 2951 procul
1236 2865 1290 2929 ab

254 2985 367 3051 horret.
413 2986 509 3051 lmmo
531 2986 632 3052 literis
654 2987 708 3053 ille
730 2988 773 3072 ,in
796 2986 912 3071 Jouia‘,
936 2993 970 3051 ut
997 2985 1045 3051 ai't
1066 2985 1122 3052 Bis
1143 2985 1290 3053 Accusat.

256 3106 328 3185 §27
351 3104 523 3191 studuerat,
545 3107 564 3173 i.
577 3128 605 3175 e.
627 3109 740 3197 opinor
750 3107 905 3193 Smyrnae
926 3108 1033 3194 potius
1055 3126 1152 3191 quam
1172 3106 1291 3192 Ephesi

255 3226 314 3292 sub
336 3227 505 3313 magistris,
528 3248 608 3311 quos
628 3229 698 3315 ipse
720 3251 784 3297 non
802 3229 905 3315 magis
923 3249 1018 3313 quam
1031 3229 1095 3294 Dio
1107 3228 1292 3313 chrymsto-

256 3367 326 3414 mus
348 3349 517 3434 magistros
539 3369 613 3416 suos
634 3369 768 3435 usquam
789 3351 974 3435 nominavit,
997 3350 1132 3415 sortasse
1154 3349 1212 3415 sub
1232 3349 1292 3415 Po

256 3469 381 3536 lemone
407 3473 459 3536 uel
489 3470 686 3557 Scopeliano.
739 3472 831 3538 Certo
864 3478 970 3536 tamen
1004 3471 1101 3537 etiam
1128 3469 1292 3536 Platonico

257 3590 395 3675 quodam
416 3612 493 3660 usus
515 3594 617 3659 fuerat
637 3600 853 3680 praeceptore.
890 3594 973 3659 Nam
995 3593 1029 3658 in
1051 3592 1204 3679 ,Nigrino‘
1227 3589 1293 3657 dia-

257 3713 330 3797 logo
349 3714 478 3797 jurenis
507 3716 577 3801 ipse
599 3715 796 3783 Platonicum
826 3734 861 3781 se
890 3734 960 3782 esse
988 3715 1161 3802 profitetur,
1189 3713 1294 3778 Plato-

257 3835 363 3901 nicum
386 3837 525 3921 inquam,
555 3838 683 3905 minime
705 3837 940 3905 Academicum.
991 3836 1034 3901 At
1062 3855 1158 3919 quum
1187 3834 1294 3898 rhetor

259 3955 397 4022 evadere
423 3959 583 4025 Lucienus
609 3960 771 4045 voluisset,
799 3946 981 4025 Platonicus
1011 3957 1081 4041 ejus
1106 3960 1295 4043 praeceptor

259 4096 323 4141 non
345 4078 418 4142 talis
441 4079 599 4146 exstitisse
621 4080 754 4166 videtur,
784 4081 908 4165 qualem
937 4079 975 4144 Α.
998 4078 1121 4145 Gellius
1147 4078 1180 4142 in
1202 4077 1294 4143 Noct.

259 4197 296 4264 A.
322 4199 436 4283 18,13
468 4198 637 4287 descripsit
667 4201 878 4288 ,dialecticum
907 4223 946 4268 ex
968 4200 1110 4267 Platonis
1139 4196 1295 4281 diatriba‘,
