3066 5162
596 460 911 515 ωεστοπκσνειι,
1201 432 1247 503 17
1251 431 1274 503 5

237 630 438 719 προῄειμεν
461 630 479 698 ὁ
502 629 804 719 Μιθροβαρζάνης,
830 627 974 719 εἱπόμην
998 632 1027 700 δ’
1053 632 1113 722 ἐγώ
1135 629 1277 700 κατόπιν

236 735 391 826 ἐχόμενος
421 735 535 816 αὐτοῦ,
569 744 626 812 ἕως
648 734 733 822 πρὸς
764 738 905 824 λειμῶνα
934 738 1091 827 μέγιστον
1120 737 1277 825 ἀφικνοῦ-

235 847 330 926 μεθα
352 849 395 929 τῶ
426 839 592 929 ἀσφοδέλφ
621 840 821 926 κατάφυτον,
863 846 948 907 ἔνθα
980 839 1019 927 δὴ
1043 845 1274 929 περιεπέτοντο

235 942 329 1031 ἡμᾶς
356 958 530 1034 τετριγυῖαι
558 953 623 1011 τῶν
653 951 774 1032 νεκρῶν
802 950 836 1012 αί
867 946 961 1013 σκιαί.
1010 946 1076 1013 κατ’
1103 946 1212 1036 ὀλίγον
1241 948 1276 1014 δέ

239 1046 412 1135 προϊόντες
444 1047 724 1139 παραγιγνόμεθα
757 1047 840 1135 πρός
868 1048 907 1116 τό
935 1058 996 1117 τοῦ
1019 1051 1155 1127 Μίνωος
1185 1051 1276 1118 δικα-

239 1152 391 1242 στήριον·
427 1154 577 1243 ἐτύγχανε
599 1155 635 1220 δὲ
659 1153 676 1221 ό
698 1158 764 1240 μέν
786 1156 840 1222 ἐπί
869 1152 1000 1243 θρόνου
1027 1152 1116 1231 τινός
1145 1154 1277 1241 ὑψηλοῦ

236 1257 448 1345 καθήμενος,
473 1258 733 1346 παρειστήκεσαν
756 1258 791 1326 δὲ
814 1258 900 1347 αὐτῶ
923 1261 1037 1326 ποιναί
1059 1263 1112 1325 καί
1135 1253 1276 1327 ἀλάστο-

239 1388 293 1448 ρες
314 1363 368 1429 καί
386 1360 541 1451 Ἐρινῦες.
579 1365 740 1449 ἑτέρωθεν
762 1362 797 1430 δὲ
818 1361 1028 1453 προσήγοντο
1050 1363 1167 1430 πολλοί
1191 1391 1276 1440 τινες

239 1471 352 1552 ἐφεξῆς
374 1465 484 1534 ἀλόσει
510 1475 622 1556 μακρᾷ
644 1466 831 1553 δεδεμένοι·
868 1469 1014 1557 ἐλέγοντο
1037 1468 1072 1535 δὲ
1094 1467 1176 1535 εἶναι
1198 1495 1276 1550 μοι·

234 1572 285 1659 χοί
307 1572 361 1637 καί
382 1573 604 1658 πορνοβοσκοὶ
631 1573 685 1639 καί
712 1574 846 1639 τελῶναι
868 1573 922 1638 καί
944 1571 1075 1648 κόλακες
1102 1574 1155 1638 καί
1178 1597 1276 1640 συκο-

234 1672 356 1760 φάνται
377 1677 430 1742 καί
451 1683 601 1751 τοιοῦτος
623 1676 738 1761 ὅμιλος
758 1682 825 1743 τῶν
847 1673 961 1743 πάντα
983 1674 1153 1744 κυκώντων
1175 1682 1208 1743 ἐν
1231 1683 1274 1765 τῷ

231 1780 302 1867 βίφ.
338 1781 430 1870 χωρίς
453 1779 488 1846 δὲ
510 1784 531 1822 ⁴*
554 1787 591 1846 οἵ
614 1807 649 1846 τε
678 1777 832 1849 πλούσιοι
860 1783 914 1847 καί
942 1778 1137 1871 τοκογλόφοι
1164 1807 1271 1868 προσ·
1291 1789 1343 1845 472

235 1882 337 1971 ᾔεσαν
374 1884 469 1975 ὠχροὶ
508 1886 563 1951 καί
603 1882 827 1974 προγάστορες
859 1887 912 1952 καί
945 1887 1125 1975 ποδαγροί,
1166 1885 1273 1954 κλοιόν

235 1996 369 2065 ἕκαστος
413 1988 523 2056 αὐτῶν
562 1990 616 2055 καί
660 1987 783 2076 κόρακα
825 1988 1019 2058 διτάλαντον
1059 1991 1271 2077 ἐπικείμενος.
1354 2004 1365 2019 ’

235 2096 409 2178 ἐφεστῶτες
449 2090 509 2160 οὖν
541 2092 639 2179 ἡμεῖς
679 2095 831 2181 ἑωρῶμέν
864 2121 900 2161 τε
928 2094 970 2161 τά
1009 2092 1188 2184 γιγνόμενα
1220 2097 1275 2161 καί

233 2197 409 2287 ἠκούομεν,
430 2206 496 2265 τῶν
526 2198 823 2288 ἀπολογουμένων·
864 2196 1070 2288 κατηγόρουν
1100 2200 1136 2265 δε
1166 2198 1274 2265 αὐτῶν

234 2304 342 2370 καινοί
361 2329 445 2379 τινες
466 2304 520 2370 καί
542 2302 723 2389 παράδοξοι
746 2302 890 2392 ῥήτορες.
931 2305 1028 2371 MA.
1061 2301 1146 2380 τίνες
1168 2296 1271 2382 οῦτοι,

234 2406 318 2493 πρός
339 2403 420 2483 Διός
426 2436 440 2489 ,·
465 2406 514 2494 μῦ
537 2406 599 2496 γάρ
623 2405 765 2497 ὀκνήσῃς
785 2409 839 2473 καί
861 2417 960 2475 τοῦτο
986 2412 1098 2475 εἰπεῖν.
1146 2408 1270 2473 ΜΕΝ.

236 2509 337 2579 οἶσθά
361 2536 430 2578 που
449 2513 588 2580 ταυτασί
610 2509 668 2587 τδς
695 2509 779 2597 πρός
807 2509 869 2577 τόν
889 2513 984 2597 ἥλιον
1006 2509 1274 2597 ἀποτελουμένας

236 2614 325 2691 σκιάς
362 2614 456 2701 [ἀπὸ]
491 2622 558 2683 τῶν
592 2615 773 2701 σωμάτων,·
829 2617 926 2682 MA.
972 2613 1064 2682 πάνυ
1101 2618 1164 2701 μὲν
1199 2611 1270 2681 οὖν.

234 2720 359 2785 ΜΕΝ.
398 2713 494 2786 αὗται
528 2720 652 2798 τοίνυν,
688 2716 823 2786 ἐπειδάν
853 2717 1094 2805 ἀποθάνωμεν,
1132 2743 1274 2807 κατηγο-

235 2822 330 2910 ροῦσί
348 2850 385 2890 τε
406 2823 460 2890 καί
481 2830 769 2910 καταμαρτυροῦσι
791 2824 845 2889 καλ
868 2822 1060 2913 διελέγχουσι
1070 2820 1111 2889 τά
1123 2847 1274 2912 πεπραγ-

233 2929 320 3013 μένα
359 2926 443 3014 ἡμῖν
475 2926 567 3014 παρά
605 2925 665 2994 τόν
696 2928 789 3014 βίον·
836 2929 889 2994 καί
931 2926 1058 3016 σφόδρα
1093 2924 1275 3004 ἀξιόπιστοι

235 3031 400 3112 δοκοῦσιν,
434 3032 491 3097 ἀτε
514 3029 564 3097 ἀεὶ
596 3038 754 3098 συνοῦσαι
780 3033 833 3097 καί
860 3032 1031 3119 μηδέποτε
1054 3029 1275 3118 ἀφιστάμεναι

235 3133 303 3202 ἀπό
325 3142 389 3202 τῶν
414 3133 586 3222 σωμάτων.
628 3137 676 3202 12.
708 3133 724 3200 ὁ
750 3133 780 3201 δ’
807 3131 868 3202 οὖν
889 3136 1004 3212 Μίνως
1027 3135 1186 3221 ἐπιμελῶς
1208 3139 1274 3211 ε’ξε-

234 3347 284 3382 οεε
302 3347 368 3383 νεεο
386 3333 497 3382 atticum
517 3329 637 3385 εεῒτινέε
655 3324 871 3397 ἀξιόπιστοιριο
882 3334 995 3384 usitato:
1014 3325 1177 3391 ἀξιόπιστοί
1191 3347 1272 3391 τινες,

234 3421 273 3468 uti
292 3420 371 3470 modo
389 3419 551 3484 praecessit:
576 3417 671 3466 καινοί
686 3434 758 3471 τινες
776 3446 818 3470 -.
900 3412 1016 3469 δοκοῦσι
1034 3436 1059 3470 ιε.
1142 3416 1274 3468 συνοῦσαι

234 3504 281 3555 ΒΟ
301 3506 350 3565 (ita
369 3503 404 3568 Ο)
424 3505 447 3555 G
468 3510 528 3554 etv.
566 3498 819 3563 ξυνοῦσαιΟΩΦΜ.
893 3500 948 3557 ἀπό
968 3502 1024 3557 τῶν
1042 3500 1271 3571 σωμάτωνΒΟῦ.

233 3588 290 3640 τῶν
307 3586 443 3656 σωμάτων
458 3590 512 3639 ΩΦ
531 3597 557 3642 et
574 3608 600 3642 v.
636 3591 698 3642 vide
717 3608 766 3643 nos
784 3594 818 3643 ad
837 3594 920 3644 verba
937 3595 1091 3659 superiora:
1121 3589 1198 3647 σκιάς
1216 3587 1271 3641 ἀπό

233 3675 289 3729 τῶν
307 3673 451 3744 σωμάτων.

305 3765 345 3817 ¹2.
382 3758 521 3824 έξετάζων
545 3758 709 3830 ἀπέπεμπεν
727 3760 853 3833 ἕκαστον]
879 3767 968 3817 malim
992 3760 1131 3825 ἐξετάζων
1155 3761 1273 3817 ἕκαστον

235 3845 405 3918 ἀπέπεμπεν.
477 3845 513 3916 ιἐ]
533 3842 616 3905 είεΩ.
685 3848 743 3901 τῶν
761 3869 803 3903 om
824 3854 856 3904 G.
927 3846 1062 3911 καταξέαν
1080 3852 1114 3903 Φ.
1185 3845 1271 3902 πλοῦ-

232 3955 291 3993 τσιε
310 3938 412 3990 Boeo
431 3945 505 3989 etv:
536 3932 647 4002 πλσότιγ
668 3938 776 3990 emit„
848 3940 895 3988 καλ
912 3936 1143 4006 προσκυνεῖσθαι]
1162 3942 1210 3988 καὶ
1228 3957 1270 3990 om

228 4024 262 4077 Ω.
331 4018 549 4094 περιμενόντων]
573 4024 733 4091 περιμένων
749 4024 782 4075 Ω.
864 4018 1030 4085 ἀλαζονείαν
1054 4019 1154 4090 αίτῶν]
1180 4019 1273 4077 αὐτῶν

234 4105 400 4172 ἀλαζονείαν
422 4113 454 4162 L.
541 4106 634 4162 ἐκεῖνα
655 4107 756 4177 πάντα]
779 4105 872 4162 πάντα
896 4106 988 4162 ἐκεῖνα
1006 4112 1039 4162 Ω.
1126 4106 1270 4177 πλοότονε]

232 4191 354 4250 πλοῦτον
371 4200 403 4250 N.
487 4195 594 4264 γυμνοὶ]
619 4202 666 4248 καλ
687 4202 787 4266 γυμνοὶ
811 4199 833 4250 Ο
858 4201 907 4259 (ita
926 4199 969 4261 Ο).
1048 4194 1272 4266 παρειστήκεσαν

234 4283 320 4337 CRM.
356 4279 592 4353 παρειστήκεισαν
611 4285 663 4335 ΟΦ
675 4293 736 4337 etv.
809 4279 1017 4350 ῶστελῶστὨ.
1087 4280 1175 4337 ταῦθ’
1196 4281 1271 4351 ὁρῶν

232 4386 259 4420 ε.
295 4366 385 4422 ταῦτα
404 4366 480 4439 ὁρῶν
498 4369 659 4424 ΒΟΟΟΩΦ.
741 4367 869 4440 πρασιῶν
887 4366 930 4437 ἂν]
950 4366 1045 4424 λίνοιο
1064 4372 1099 4421 Φ.
1181 4365 1270 4436 ι’φῦσα
