3066 5162
571 401 906 489 ιιικεοιιιεπιπιιοε.
1184 403 1258 475 135

223 605 264 693 δή
288 606 327 675 τό
344 605 533 695 Ὁμηρικόν
553 612 655 675 έκεῖνο
678 606 816 697 ἀτεχνῶς
837 610 1000 697 ἔπασχον·
1023 602 1176 682 πολλάκις
1196 608 1261 693 μέν

221 710 284 803 χάρ
309 712 349 778 ἀν
373 715 511 800 ῶρμησα
533 710 699 779 πιστεύειν
719 712 783 779 τινί
806 710 926 791 αὐτῶν,

484 826 592 903 ἕτερος
614 817 650 883 δέ
669 843 715 903 με
735 815 849 904 θυμός
871 815 994 903 ἔρυκεν.

222 919 267 1006 ἐφ’
299 917 349 996 οίς
378 922 503 988 ἅπασιν
532 920 711 1010 ἀμηχανῶν
738 922 793 987 ἐπὶ
820 928 880 1009 χής
908 923 971 1007 μὲν
1000 917 1204 985 ἀκοόοεσθαί
1230 945 1260 984 τι

222 1025 297 1110 περί
325 1022 451 1092 τοότων
474 1024 598 1111 ἀληθές
625 1023 885 1112 ἀπεχίγνωοκον,
917 1023 999 1110 μίαν
1022 1022 1058 1089 δὲ
1086 1030 1145 1108 τής
1175 1047 1260 1110 συμ-

221 1128 333 1215 πάσης
366 1129 507 1216 ἀπορίας
540 1127 734 1218 ἀπαλλαγήν
766 1127 863 1216 ᾤμην
896 1127 1051 1206 ἔσεσθαι,
1095 1130 1125 1193 εἰ
1163 1124 1261 1202 αὐτὸς

222 1234 404 1324 πτερωθείς
432 1260 503 1310 πως
532 1231 707 1320 ἀνέλθοιμι
736 1238 768 1307 ἐς
795 1230 856 1299 τόν
883 1230 1037 1319 οὐρανόν.
1078 1230 1199 1299 τούτου
1226 1230 1262 1297 δέ

221 1364 282 1424 μοι
320 1351 452 1428 παρεῖχε
492 1338 553 1423 τήν
588 1336 704 1404 ἐλπίδα
747 1335 890 1424 μάλιστα
929 1341 994 1424 μὲν
1025 1335 1047 1420 ή
1082 1334 1258 1423 ἐπιθυμία,

226 1442 351 1526 [ἔπειτα
381 1442 428 1528 δέ]
464 1443 518 1508 καλ
553 1439 571 1508 ό
601 1439 777 1530 λογοποιὸς
806 1444 985 1521 Αἴσωπος,
1022 1440 1128 1515 ἀετοῖς
1157 1443 1178 1481 ⁴*
1207 1439 1260 1505 καί
1279 1450 1330 1504 7⁰2

225 1544 408 1633 κανθάροις
430 1546 533 1613 ἐνίοτε
554 1546 608 1612 καλ
629 1542 788 1631 καμήλοις
816 1543 964 1633 βάσιμον
986 1542 1181 1631 ἀποφαίνων
1201 1541 1262 1610 τόν

224 1648 381 1736 οὐρανόν.
429 1648 529 1717 αὐτὸν
562 1653 627 1737 μέν
656 1644 716 1715 οὖν
749 1649 977 1737 πτεροφυῆσαί
1007 1674 1089 1716 ποτε
1122 1646 1262 1732 οὐδεμιᾷ

222 1761 356 1843 μηχανῇ
381 1753 523 1822 δυνατόν
545 1753 629 1821 ελναί
657 1779 718 1840 μοι
746 1753 968 1840 κατεφαίνετο.
1005 1757 1035 1819 εἰ
1056 1752 1092 1819 δὲ
1112 1750 1261 1842 χυπδςή

223 1857 319 1924 ἀετοῦ
332 1859 534 1946 περιθείμην
549 1857 666 1945 πτερά,
692 1861 810 1946 (ταῦτα
832 1857 894 1948 χάρ
915 1855 1006 1945 μόνα
1030 1857 1073 1924 ἀν
1098 1856 1261 1943 διαρκέσαι

223 1960 306 2049 πρός
335 1964 480 2051 μέγεθος
510 1960 915 2049 ἀνθρωπίνουσώματος)
945 1960 1026 2051 τάχα
1049 1961 1092 2028 ἀν
1112 1976 1173 2048 μοι
1198 1959 1262 2047 τήν

223 2078 342 2153 πεῖραν
362 2075 581 2156 προχωρῆσαι.
612 2069 665 2133 καί
688 2064 729 2152 δή
755 2064 921 2151 συλλαβῶν
936 2064 977 2132 τά
997 2065 1095 2152 ὄρνεα
1115 2067 1262 2151 θατέρου

223 2175 288 2257 μέν
319 2169 383 2256 τήν
416 2170 520 2248 δεξιάν
554 2173 715 2260 πτέρυγα,
754 2178 816 2237 τοῦ
846 2166 952 2258 γυπός
985 2169 1020 2236 δέ
1052 2168 1112 2255 τήν
1146 2171 1261 2256 ἑτέραν

224 2274 392 2362 ἀπέτεμον
414 2271 450 2343 εὖ
470 2275 572 2362 μάλα.
599 2275 667 2342 εἶτα
690 2272 849 2360 διαδήσας
870 2274 924 2339 καί
946 2271 1028 2340 κατὰ
1050 2271 1127 2350 τούς
1150 2272 1261 2359 ῶμους

223 2382 385 2466 τελαμῶσι
413 2393 578 2467 καρτεροῖς
606 2375 843 2467 ἁρμοσάμενος
871 2378 925 2443 καί
951 2375 1035 2465 πρός
1063 2377 1172 2464 ἀκροις
1193 2390 1262 2452 τοῖς

225 2482 419 2571 ὠκυπτέροις
447 2482 550 2572 λαβάς
571 2508 662 2559 τινας
683 2495 754 2559 ταῖς
782 2482 869 2572 χερσί
898 2478 1152 2569 παρασκευάσας
1173 2486 1262 2548 ἐπει-

224 2587 341 2676 ρώμην
361 2594 505 2676 ἐμαυτοῦ
528 2585 566 2654 τό
595 2595 726 2674 πρῶτον
750 2584 943 2672 ἀναπηδῶν,
974 2587 1029 2652 καί
1057 2599 1128 2662 ταῖς
1156 2587 1261 2675 χερσὶν

223 2691 407 2777 ὑπερέττων
428 2694 483 2759 καλ
511 2695 620 2778 ῶσπερ
643 2696 675 2758 οί
702 2697 798 2780 χήνες
825 2689 872 2758 έτι
898 2698 1106 2780 χαμαιπετῶς
1127 2687 1262 2775 έπαιρό·

227 2822 330 2882 μενος
356 2797 410 2863 καί
440 2796 632 2885 ἀκροβατῶν
654 2798 726 2883 ἅμα
747 2792 832 2883 μετὰ
856 2803 916 2881 τῆς
937 2794 1097 2880 πτήσεως.
1133 2796 1203 2862 ἐπεί
1227 2794 1262 2861 δὲ

227 2898 376 2985 όπήκουέ
396 2926 457 2988 μοι
478 2898 516 2969 τό
539 2908 694 2989 πρᾶγμα,
718 2897 962 2986 τολμηρότερον
982 2898 1047 2985 ήδη
1068 2906 1128 2983 τῆς
1148 2898 1263 2984 πείρας

227 3007 248 3045 ⁴*
277 3002 454 3093 ἡπτόμην,
491 3007 544 3072 καλ
577 3002 726 3072 ἀνελθών
760 3006 814 3072 ἐπὶ
846 3003 907 3090 τήν
941 3001 1119 3091 ἀκρόπολιν
1152 3003 1262 3091 ἀφῆκα
1279 3019 1330 3071 763

225 3107 373 3195 ἐμαυτόν
393 3108 476 3176 κατά
498 3117 557 3176 τοῦ
581 3116 729 3195 κρημνοῦ
753 3110 859 3196 φέρων
872 3113 918 3184 είς
941 3106 1021 3175 αὐτό
1040 3108 1081 3176 τό
1103 3110 1258 3196 θέατρον.

228 3218 276 3280 ll.
319 3212 361 3289 ῶς
402 3213 437 3281 δὲ
477 3212 655 3287 ἀκινδύνως
694 3209 925 3299 κατεπτόμην,
967 3211 1077 3299 όφηλά
1109 3214 1175 3300 ήδη
1208 3214 1262 3280 καί

296 3411 336 3465 11.
373 3404 467 3479 ὑφηλά
485 3428 527 3463 om
548 3410 599 3462 Φε.
679 3404 827 3476 ἐπετόμην]
847 3405 972 3475 ε’πτόμην
991 3411 1023 3473 G,
1048 3411 1100 3462 hoe
1120 3416 1161 3462 εελ
1179 3405 1260 3461 έπτό-

224 3516 289 3563 μην.
361 3492 428 3562 ἀνω]
448 3492 482 3548 ἀν
501 3498 552 3549 Φε.
589 3491 665 3561 ἀνή
687 3485 784 3562 οόνή
806 3492 871 3547 ἀνω
891 3500 921 3549 V.
950 3499 1061 3564 vulgata
1078 3504 1152 3548 recto
1170 3497 1260 3549 habet.

225 3587 287 3637 vide
305 3602 387 3651 supra
406 3603 430 3636 c.
451 3585 479 3636 1:
499 3579 544 3634 έπλ
561 3579 612 3634 τόν
629 3577 709 3649 ήλιον
727 3578 792 3634 ἀνω.
863 3580 935 3650 πρὸς
951 3580 984 3634 τό
996 3577 1261 3650 Ταόχιτονῡὶπόοι·

224 3672 284 3724 θαι.
319 3667 391 3738 πρός
407 3667 458 3722 τὸν
477 3665 616 3739 Ταόγετον
634 3672 661 3720 Φ
680 3678 707 3722 ολ
724 3688 749 3722 v.
785 3666 857 3739 πρός
872 3663 1007 3737 ταδγετον
1022 3672 1045 3722 G
1063 3674 1091 3722 in
1110 3678 1193 3731 textu,
1213 3673 1262 3722 εεδ

224 3761 295 3811 idem
314 3762 342 3810 in
360 3761 464 3811 scholio
483 3766 569 3810 recte:
596 3755 629 3808 τὸ
652 3750 794 3826 ταάχετον.
876 3751 903 3808 δ’
931 3745 982 3809 σόν
1003 3758 1079 3810 ΤΦθ
1105 3764 1174 3810 etv.
1212 3747 1263 3810 οὖν

226 3847 274 3897 Ca.
351 3840 604 3912 ἐκμεμελετημένου
631 3845 721 3896 ΦΛῦ.
757 3838 980 3911 μεμελετημένον
998 3861 1023 3896 v.
1104 3840 1196 3897 σόκέτι
1213 3866 1261 3915 pro

226 3928 277 3982 σόει
295 3929 337 3983 λ’τι
356 3935 389 3986 G.
463 3929 496 3984 τὸ
515 3927 623 3997 λοιπόν]
642 3926 778 3983 τολοιπόν
795 3932 864 3984 mbo.
942 3926 1079 3997 σόρανοό·
1097 3937 1143 3984 καὶ
1160 3931 1193 3985 τό
1211 3933 1263 4001 μέν

225 4017 339 4087 πρῶτον
358 4013 478 4087 ι’λιγχίων
496 4020 616 4072 Cobetua
635 4022 665 4071 V.
676 4021 707 4070 L.
720 4036 746 4085 p.
757 4019 817 4073 ³⁰2.
844 4019 907 4070 libri
926 4013 1047 4084 οάρανοό
1065 4016 1098 4070 τό
1116 4018 1167 4086 μέν
1183 4017 1262 4091 πρῶ-

225 4122 275 4157 τον
294 4098 423 4174 ίλιγχιῶν.
496 4101 630 4175 έχενόμην
647 4105 711 4156 AG.
751 4099 887 4172 έχεχόνειν
906 4105 932 4154 Φ
950 4112 1015 4156 etv.
1088 4101 1262 4176 ἀποσπάσαι]

227 4195 287 4245 vide
306 4194 538 4246 Hemnterhnuinm
557 4193 873 4251 εάῡίε1.Βεοτ.ΧΧ,5.
941 4186 1079 4260 Ὁμήρου]
1096 4189 1175 4254 ἀλῶ,
1195 4197 1260 4261 λεο.

227 4281 322 4332 eodem
340 4281 403 4332 loco
422 4282 505 4332 utitur
521 4280 565 4331 De
584 4280 695 4331 Οουεοι.
714 4279 784 4331 Hine.
805 4296 829 4330 ο.
848 4279 881 4330 49
900 4281 968 4341 init„
992 4279 1039 4330 ubi
1062 4287 1135 4332 recte
1153 4281 1215 4331 libri
1232 4286 1264 4330 ut

226 4372 269 4418 est
285 4369 313 4439 iq
331 4369 390 4433 ipso
409 4367 528 4419 Homero
547 4358 718 4416 ἱπποπόλων.
790 4357 955 4415 ἱπποπόλων
972 4364 999 4414 Φ
1017 4365 1058 4428 (ut
1066 4364 1182 4429 videtur)
1201 4382 1261 4418 cum
