3066 5162
293 360 365 432 162
698 391 923 443 ΛονσιΑΝοτ

294 562 391 630 ΦΙΛ.
419 558 604 647 Ἡράκλεις,
637 559 782 647 ἐλελήθει
810 565 989 638 Μένιππος
1020 562 1113 650 ἡμᾶς
1141 560 1327 631 enotavit

289 661 355 753 κᾷτ’
387 670 419 742 ἐξ
450 665 598 755 ὑπαρχῆς
627 665 871 754 &vegetantem
906 670 1029 735 ΜΕΝ.
1067 668 1144 750 σόοι,
1180 666 1259 735 ἄλλό
1288 671 1327 754 μ’

290 774 443 856 ἔμπνουν
460 769 575 856 Ἀΐδης
596 769 737 847 ε’δέξατο.
779 774 875 838 ΦΙΛ.
908 774 956 848 τίς
979 772 1011 840 δ’
1036 772 1058 859 η
1084 774 1172 841 αἰτία
1194 798 1246 840 σοι
1268 778 1328 856 τῆς

290 882 404 960 καινῆς
425 876 479 941 καὶ
499 873 690 961 παραδόξου
710 874 832 962 ταότης
856 876 1067 964 όποδημίαςς
1090 880 1214 945 ΜΕΝ.

393 979 510 1066 νεότης
535 980 569 1067 μ’
594 985 696 1067 ἐπῇρε
717 982 771 1047 κα]
793 981 922 1068 θράσος
942 992 1000 1050 τοῦ
1024 990 1087 1051 νοῦ
1109 984 1220 1050 πλέον.

295 1083 392 1149 ΦῙΛ.
433 1092 578 1164 παῦσαι,
618 1084 777 1172 μακάριε,
812 1086 986 1176 τραγῳδῶν
1019 1090 1072 1155 καὶ
1105 1089 1175 1177 λέγε
1208 1084 1329 1159 οὑτωσί

290 1422 443 1489 προσιτέον
459 1418 513 1489 γὰρ
533 1423 568 1473 Φ.
606 1417 675 1474 ἀλλὰ
692 1423 844 1491 προσιτέον
859 1440 890 1492 γε
909 1425 945 1475 Μ.
1024 1418 1116 1473 πόθεν
1135 1424 1157 1474 Ο
1177 1421 1225 1485 (rie
1244 1420 1280 1483 Ο)
1300 1427 1328 1471 et

292 1527 318 1560 m
337 1528 382 1561 aec
402 1513 433 1562 B.
469 1512 516 1559 καὶ
537 1503 631 1562 πόθεν
651 1511 705 1560 ΩΦ
729 1518 756 1563 et
779 1529 823 1578 pm
846 1514 868 1563 Β
888 1520 915 1562 et
939 1528 964 1562 v.
1001 1514 1088 1577 poesia
1112 1510 1252 1576 supplere:
1279 1511 1326 1558 καὶ

292 1591 351 1663 λέγε
368 1592 461 1648 πόθεν
469 1625 512 1647 -.
583 1592 668 1652 πολὺς
684 1595 738 1667 γὰρ
756 1594 855 1667 χρόνος
873 1593 904 1657 έξ
921 1585 956 1648 οό
974 1593 1017 1663 οό]
1036 1601 1075 1649 ita
1083 1599 1139 1648 sere
1149 1597 1258 1647 Batinus
1268 1594 1326 1658 {aad

292 1678 325 1733 οό
344 1693 445 1735 temere
465 1684 574 1746 omisso)
593 1686 737 1751 supplevit,
757 1694 818 1752 post
836 1703 915 1752 quem
930 1685 999 1737 maie
1011 1686 1129 1736 Cobetus
1141 1686 1170 1735 V.
1181 1684 1212 1734 L.
1224 1700 1250 1749 p.
1260 1682 1325 1735 235:

290 1765 376 1825 ποδός
398 1766 451 1837 γὰρ
474 1765 572 1836 χρόνος
597 1766 627 1830 ἐξ
651 1766 716 1822 ὅτου
736 1766 769 1822 οὗ
788 1801 830 1823 -.
866 1766 952 1826 πολὺς
973 1768 1026 1838 γὰρ
1050 1767 1148 1837 χρόνος
1166 1757 1200 1819 οό
1218 1771 1325 1821 otuu.

290 1850 376 1912 πολόο
392 1854 446 1924 γὰρ
464 1852 563 1923 χρόνος
581 1853 613 1909 οὗ
632 1859 741 1910 Bone.
776 1854 866 1913 πολὺν
881 1856 936 1926 γὰρ
954 1854 1055 1924 χρόνον
1074 1853 1106 1907 οὗ
1124 1875 1149 1911 τ,
1220 1852 1326 1921 ἥκω-

290 1940 378 2009 θεῶν]
405 1945 526 2011 Euripid.
550 1946 618 1996 Ποο.
642 1962 668 1996 v.
696 1947 708 1999 1
730 1964 768 2012 sq.
851 1941 961 2012 σκότου]
986 1940 1099 1999 σκότους
1121 1945 1178 1996 BG.
1257 1932 1326 2009 κᾷτ’]

292 2048 362 2096 κατα
381 2033 439 2083 ΒΦ.
520 2025 716 2098 ἄναβεβιωκώς
734 2029 806 2099 (eum
825 2035 945 2085 Mehlero
965 2035 991 2083 in
1010 2034 1186 2097 Mnemosyne
1204 2034 1230 2083 11
1246 2049 1272 2097 p.
1293 2031 1322 2084 71

293 2125 321 2170 et
340 2119 444 2170 Cebete
463 2120 495 2170 V.
506 2119 536 2169 L.
547 2135 575 2184 ρ.
585 2119 647 2183 235)
667 2120 701 2169 Φ.
741 2116 932 2188 όναβεβέωιιας
952 2121 984 2171 G.
1023 2115 1212 2186 ἀναβεβίωκεν
1229 2135 1254 2168 τ.

293 2199 352 2265 σόν,
381 2199 450 2257 ἀλλά
471 2200 498 2272 μ’
527 2202 649 2271 ἔμπνουν
663 2201 764 2273 Ἀΐδης]
789 2212 827 2259 ita
850 2210 964 2259 correxi.
1003 2201 1052 2257 οόιι
1076 2200 1131 2255 ἀλλ’
1156 2203 1276 2272 έμπνσσν
1297 2199 1323 2270 μ’

294 2285 375 2357 σἰέδης
393 2293 428 2342 Φ.
467 2287 516 2342 ain
535 2287 603 2343 ἀλλὰ
624 2289 716 2354 ζῶντά
732 2311 767 2360 με
788 2287 857 2359 ἅδητ
875 2287 968 2357 (ditm
984 2295 1099 2345 fortunae
1117 2291 1150 2357 B)
1169 2295 1216 2344 ΒΟ
1234 2289 1325 2357 (ῐῑοΟΙ

294 2381 327 2431 0.
365 2377 456 2440 ζῶντα
475 2397 523 2446 pro
542 2378 664 2448 ἔμπνουν
682 2385 762 2433 etiam
782 2383 861 2434 TVY.
901 2375 950 2430 σόα
970 2373 1024 2429 ἀλλ’
1046 2374 1080 2429 ἔτ’
1101 2377 1223 2445 ἔμπνουν
1236 2370 1328 2443 Ἀΐδης

292 2461 318 2531 μ’
338 2483 356 2515 ν
375 2474 402 2518 et
420 2469 540 2518 fortassis
551 2470 583 2531 tt)
593 2468 627 2520 Ω.
663 2475 691 2520 at
710 2485 761 2533 ego
781 2463 815 2518 ἔτ’
836 2464 959 2534 ἔμπνουν
976 2470 1002 2519 iu
1022 2468 1095 2519 nullo
1114 2467 1209 2517 codice
1224 2468 1325 2524 inveni,
1351 2512 1357 2517 .

294 2554 366 2618 quod
385 2555 429 2605 hie
447 2557 566 2620 ineptum
592 2564 632 2606 eat
655 2572 744 2622 neque
763 2557 816 2606 diei
841 2555 911 2606 solet
928 2557 980 2606 nisi
999 2555 1032 2605 de
1052 2553 1220 2615 moribundo,
1245 2558 1276 2602 ut
1293 2552 1327 2602 ed

293 2642 373 2690 Arist.
393 2641 555 2706 Thesmoph.
580 2658 605 2691 v.
633 2641 683 2693 926
709 2641 823 2692 ostendi.
862 2642 895 2692 de
920 2643 1021 2692 cretico
1045 2643 1073 2690 in
1096 2631 1328 2701 δίνστοὶἰσᾌΐδηο

292 2727 354 2777 vide
372 2729 521 2778 Personum
540 2728 576 2780 ad
593 2729 686 2794 Eurip.
707 2729 774 2782 lien.
793 2745 818 2779 v.
840 2727 906 2779 1010
930 2734 958 2778 et
982 2728 1028 2793 qui
1050 2727 1164 2777 eundern
1184 2727 1217 2777 ab
1236 2727 1327 2791 inepta

293 2813 413 2864 Erfurdti
432 2814 591 2879 conjectura
609 2816 728 2866 defendit
746 2815 931 2865 Hermannum
949 2814 983 2865 ad
1003 2813 1085 2878 Soph.
1104 2815 1195 2879 Antig.
1214 2829 1240 2863 τ.
1252 2812 1327 2863 12211.

292 2906 348 2949 tum
368 2903 449 2952 etiam
468 2902 641 2952 Welekerum
660 2902 755 2963 laudo,
783 2904 828 2967 qui
853 2903 925 2952 hauc
951 2917 1057 2952 vernum
1077 2917 1092 2950 e
1110 2900 1254 2966 tragoedia
1270 2901 1327 2949 aive

292 2986 428 3051 Euripidis
452 2990 509 3038 aive
534 2990 634 3039 Critiae
657 2987 869 3039 ΠΕΙΡΙΘΟῬΣ
888 2995 1003 3039 sumtum
1027 2987 1143 3038 voluerit
1165 2993 1192 3037 et
1215 2985 1327 3036 laudare

292 3073 399 3124 videtur
420 3075 558 3125 Nauekiua
581 3076 662 3139 Frag.
688 3077 770 3141 Trag.
794 3093 820 3140 p.
847 3074 908 3137 ⁴31,
935 3091 988 3126 non
1013 3077 1078 3125 item
1103 3074 1223 3138 Wagner
1245 3073 1326 3136 Frag.

293 3160 385 3225 Eurip.
407 3177 433 3226 p.
452 3162 504 3213 488
523 3168 593 3227 etp.
613 3161 673 3213 311.
745 3161 786 3216 τίς
804 3156 831 3210 δ’
852 3157 869 3224 ἡ
890 3153 965 3212 αι’τέα
981 3160 1035 3210 ΩΦ
1053 3168 1115 3212 etv.
1141 3159 1182 3212 τέτ
1199 3152 1235 3207 ἂν
1252 3148 1327 3207 αἰτία

293 3246 399 3298 BONG.
480 3264 525 3298 οοι
544 3265 586 3299 om
606 3250 637 3302 G.
715 3242 817 3312 ταύτης
836 3240 1003 3312 ἆποδημιάς]
1028 3241 1130 3309 ταύτης
1153 3262 1196 3296 om
1213 3243 1247 3294 Ω.

292 3329 401 3398 Νεότης
417 3328 444 3399 μ’
465 3329 553 3400 ἐπῆρε
571 3351 656 3400 uaque
676 3336 710 3385 ad
729 3330 899 3399 ἇοπόσιοτὴ
920 3328 987 3389 όδός
1004 3352 1046 3385 om
1058 3336 1139 3386 BOG.
1209 3328 1259 3382 τοῦ
1277 3328 1326 3381 νοῦ

292 3419 446 3472 nnTuvd.
481 3417 532 3471 τοῦ
556 3422 619 3471 νέου
638 3423 698 3472 abe.
740 3422 873 3473 Stobaeuu
892 3424 919 3471 iu
937 3423 1030 3472 Floria
1057 3423 1143 3481 522:
1170 3412 1326 3487 Εόριπέδσο

290 3535 490 3608 Ἀνδρομέδας·
510 3544 641 3603 (itnrecte
653 3546 685 3606 A,
704 3543 876 3594 aedVindob.
893 3524 1051 3610 riviriani)
1070 3536 1177 3604 ,νεότης
1193 3536 1219 3606 μ’
1240 3537 1327 3607 ἐπῆρε

293 3632 341 3678 καὶ
358 3628 460 3683 σθένος
476 3626 526 3679 τοῦ
545 3626 594 3678 νοό
612 3624 708 3679 πλέονι
727 3631 864 3695 Euripidis
882 3646 988 3681 manum
1008 3629 1108 3682 σθένοι
1130 3632 1257 3689 servavit,
1278 3645 1327 3694 pro

294 3732 347 3782 quo
365 3717 501 3766 Lucienus
519 3710 629 3783 θράσος
651 3717 789 3767 substituit
811 3718 939 3783 parodiue
959 3734 1050 3768 cause.
1129 3719 1175 3765 nni
1193 3708 1263 3781 λέγε]
1281 3717 1328 3763 καὶ

294 3818 337 3853 nm
354 3801 387 3853 Ω.
460 3793 603 3868 ιάμβεέων,
623 3803 664 3858 τέο
682 3805 902 3856 Hemeterhusiua
920 3820 968 3869 pro
989 3795 1131 3869 ἰαμβείων.
1156 3802 1197 3855 τίς
1213 3830 1256 3850 -.

292 3888 322 3937 τέ
338 3885 392 3954 σοι]
412 3890 499 3940 scribe
517 3884 537 3954 ἢ
553 3890 583 3940 αι’
600 3906 645 3940 οοι
662 3916 705 3939 -.
786 3887 869 3957 χρειώ
889 3919 923 3928 -
943 3886 1100 3957 Τειρεσίαο]
1124 3890 1204 3941 Hom.
1228 3888 1327 3953 Odyse.

292 3969 325 4037 λ’,
345 3976 453 4041 iiiaq.
474 3972 624 4038 collatori,
644 3977 704 4031 4112.
783 3969 829 4043 εἷς]
850 3973 925 4032 έςΒ.
1005 3964 1146 4031 oritorum
1165 3976 1248 4026 BOG.

293 4054 348 4109 att
366 4049 386 4127 ἧ
404 4062 552 4114 BUVGYd.
590 4057 677 4117 ἄλλως
694 4066 726 4114 Τ.
765 4058 859 4128 ἀλλ’ἢ
877 4063 955 4114 ΟΩΦ
973 4070 1001 4115 et
1018 4081 1043 4115 v.
1079 4064 1106 4115 h.
1126 4063 1144 4113 1.
1169 4078 1224 4114 uon
1241 4061 1327 4126 magia

291 4150 473 4214 interrogatur
497 4166 576 4216 quam
602 4154 629 4201 in
654 4151 819 4217 Imaginibus
844 4169 868 4202 ο.
889 4152 901 4204 1
927 4154 985 4202 init.
1067 4144 1154 4203 nitere
1176 4142 1326 4215 ἐμμέτρων]

292 4228 434 4303 ἐμμέτρως
452 4236 505 4301 (om
525 4230 622 4302 οὕτως)
647 4238 730 4289 BOG.
767 4236 854 4292 οὕτως
876 4238 930 4301 (orn
950 4233 1101 4303 ἐμμέτρως)
1120 4236 1155 4287 Φ.
1235 4229 1327 4301 ἕψε·

287 4315 406 4385 νόμινοτ
425 4323 459 4374 Φ.
531 4340 629 4377 novem
646 4326 730 4376 verba
748 4329 794 4376 unt
812 4354 846 4363 —
865 4322 974 4392 ἔρχεται
992 4341 1035 4375 orn
1053 4324 1136 4374 BOG.
