3108 5166
1201 341 1251 419 ‘nr

217 513 294 575 libro
323 517 384 574 taur
414 527 507 594 saepe
537 515 681 592 corrupto
717 510 782 572 sola
812 510 921 573 meua
948 512 1120 591 conjecturo
1155 510 1256 572 rarior

114 616 116 619 ’
218 625 304 687 locos
338 623 505 686 amandari.
560 622 625 684 Nec
657 640 732 685 vero
764 623 890 704 ignoro,
920 623 1051 686 nondum
1081 638 1154 685 esso
1181 624 1255 685 satis

219 737 383 818 expolitum
411 735 490 799 hanc
511 735 719 816 Philopseudis
749 735 958 799 recensionem
991 740 1023 794 et
1052 736 1255 816 quaerendum

219 867 291 911 ease
323 848 433 930 aliquid
461 847 641 930 perfectius:
672 848 752 928 quod
783 848 860 909 haud
883 847 923 909 ila
946 847 1033 910 lacile
1053 849 1111 909 erit
1133 846 1256 909 inventa

219 962 249 1022 ia
279 961 335 1023 lmo
364 960 499 1024 rodiam
532 961 691 1041 paucitate.
741 959 858 1023 illenim
884 958 1117 1041 Philopsesdas,
1147 959 1197 1039 qui
1226 960 1257 1019 in

220 1073 320 1136 multis
340 1073 495 1136 codicibus
518 1078 623 1153 aparte
645 1073 741 1149 deest,
765 1073 794 1131 in
817 1071 930 1152 aliquot
951 1072 1037 1135 codd.
1057 1072 1095 1134 de
1111 1071 1258 1134 industria

222 1185 340 1249 vitietur
362 1185 595 1267 praetenuissus
613 1202 713 1265 noque
731 1184 852 1247 omuino
870 1184 907 1246 ab
925 1183 1077 1246 monachis
1090 1184 1258 1265 descriptus

221 1316 303 1375 csse,
323 1299 437 1381 wippo
458 1298 509 1378 qui
534 1301 586 1372 (at
607 1296 758 1358 escholio
776 1296 886 1359 codicis
910 1296 934 1358 ll
955 1297 994 1359 ad
1011 1314 1036 1358 c.
1053 1294 1094 1357 tlt
1115 1302 1259 1378 apparet)

222 1411 302 1473 illam
325 1411 423 1491 ipsum
446 1409 544 1472 lorum
572 1408 680 1471 stolide
709 1409 746 1471 ad
769 1407 920 1471 Christum
950 1409 1136 1475 retulissent.
1191 1407 1259 1480 Ouo

224 1522 319 1603 magis
348 1527 485 1584 nostrum
515 1526 563 1582 est
593 1538 699 1583 omnes
735 1521 867 1583 omnium
903 1520 1038 1583 codicum
1079 1521 1183 1602 copias
1212 1519 1260 1581 hic

222 1632 364 1696 iudicare.
410 1633 537 1696 Primum
567 1633 659 1714 igitur
687 1632 820 1695 Vaticani
852 1631 924 1710 (Γ)
955 1632 1114 1695 collatione
1142 1634 1259 1713 integra

224 1747 319 1815 adise
341 1762 490 1822 ceremur,
513 1743 621 1807 deindo
643 1745 774 1807 nondum
797 1743 897 1808 collati
919 1751 991 1807 sant
1013 1762 1113 1825 nequa
1124 1743 1259 1805 Venetus

224 1857 286 1919 434
311 1854 403 1935 (Ω),
424 1857 455 1918 in
478 1873 539 1937 quo
562 1856 782 1938 Philopseuden
804 1855 898 1918 Llllll
929 1856 1077 1920 numerari
1101 1855 1259 1919 Sommar-

226 1969 360 2032 moinus
384 1968 401 2032 l.
426 1968 444 2033 l.
468 1988 497 2050 p.
509 1965 576 2031 llll
596 1968 710 2046 docuit,
733 1986 833 2050 neque
850 1966 984 2031 Venetas
1007 1966 1261 2045 435(.12ι),11ο

225 2071 287 2161 quo
314 2080 417 2143 codice
440 2079 713 2144 Sommerbrodtius
742 2082 848 2143 ibidem
871 2081 1028 2158 disponit,
1060 2099 1159 2162 neque
1182 2079 1261 2140 Vin·-

226 2191 408 2254 dohonrnsis
435 2190 493 2253 114
518 2192 600 2270 (Η),
622 2194 651 2255 in
675 2211 735 2274 qun
765 2193 869 2256 codice
893 2193 1106 2273 Philopscndoa
1136 2209 1262 2255 numero

226 2309 276 2364 est
302 2302 445 2365 XXlX“·.
497 2304 601 2385 ltaque
631 2305 681 2385 qui
711 2312 781 2386 post
816 2324 863 2366 rnc
894 2304 1114 2385 Philopsaudcn
1155 2304 1262 2365 edituri

227 2421 312 2493 sunt,
334 2415 373 2476 ita
396 2415 514 2478 mnam
536 2434 649 2497 operae
673 2417 772 2479 lacere
795 2417 922 2498 pretium
947 2421 1099 2497 poterunt,
1123 2415 1148 2476 si
1172 2416 1261 2479 trium

227 2533 311 2590 carte
332 2527 484 2606 codicum,
496 2526 590 2592 Prin
603 2528 761 2592 collatione
778 2531 895 2613 integra
919 2528 1009 2611 potiri
1031 2529 1077 2591 cis
1092 2529 1263 2611 contigerit.

226 2637 368 2702 Ceterum
389 2641 683 2722 interpretationem,
717 2660 797 2723 qaae
824 2641 943 2723 quidem
966 2658 1033 2707 cnm
1063 2648 1128 2703 arte
1159 2641 1262 2702 critica

228 2750 419 2832 cohaereret,
453 2753 533 2816 troad
564 2754 684 2837 neglexi
720 2755 819 2817 multis
850 2760 948 2817 tamen
979 2754 1133 2816 brevitatis
1163 2754 1263 2815 studio

227 2863 381 2927 ondans*
401 2863 443 2927 lta
467 2885 497 2946 p.
520 2864 563 2928 76
585 2867 743 2931 dictionem
765 2867 1017 2930 nonlucieneam
1039 2861 1149 2930 niara
1166 2876 1263 2929 amata

229 2993 288 3055 qua
317 2975 506 3056 Thucydides
536 2976 566 3055 l,
599 2976 641 3041 93
670 2985 704 3039 el
733 2979 874 3041 [rhamon
896 2978 990 3060 Epist.
1020 2976 1135 3041 cclxi
1171 2983 1263 3058 atnam

229 3085 322 3167 Epist.
346 3086 502 3150 ccccxli
524 3094 659 3168 utuntur,
682 3109 742 3171 ogo
767 3093 878 3171 pariter
899 3097 990 3171 atque
1013 3088 1146 3153 Cobetus
1170 3089 1205 3153 V.
1229 3089 1262 3152 L.

231 3217 259 3279 p.
283 3194 346 3259 2⁰7
369 3199 469 3261 sciens
493 3201 644 3281 praeterii.
689 3202 756 3263 Alia
778 3202 994 3283 interpretandi
1022 3218 1134 3286 genera
1165 3201 1211 3263 val
1234 3202 1264 3262 in

230 3309 440 3392 Philopseude‚
463 3315 514 3393 qui
535 3312 686 3377 nullodum
699 3315 913 3378 commentario
935 3314 1099 3378 illustratus
1119 3319 1177 3389 est,
1195 3330 1265 3375 raro

231 3420 324 3503 attigi,
348 3399 546 3504 nisi'quando
569 3414 670 3488 racem
693 3426 777 3488 nelos
802 3425 963 3489 duxissem.
999 3426 1172 3510 Cuiusmodi
1195 3425 1265 3488 illud

232 3540 290 3610 eat,
312 3533 393 3614 quod
416 3535 453 3597 ad
475 3554 501 3601 c.
527 3533 566 3598 12
589 3543 620 3600 et
648 3539 684 3600 ad
708 3558 732 3600 c.
760 3536 814 3615 lli,
845 3539 895 3619 qui
917 3516 1034 3601 lociad
1065 3539 1149 3600 biblia
1180 3555 1266 3599 sacra

233 3647 364 3726 pessime
393 3647 478 3709 relati
505 3654 606 3725 crant,
635 3650 664 3712 in
688 3649 889 3733 Philopseude
918 3650 947 3713 id
977 3652 1139 3731 praecipue
1168 3657 1266 3712 actum

233 3774 304 3819 esse
324 3757 544 3838 demonstravi,
574 3765 607 3822 nt
628 3760 764 3825 Julianus
795 3762 894 3844 prior,
923 3760 1015 3823 homo
1044 3778 1150 3845 magus
1179 3761 1267 3843 isque

234 3886 370 3950 paganus
393 3871 607 3954 exagitaretur.
652 3871 726 3934 Nam
758 3871 968 3956 theologorum
997 3873 1183 3954 quorundam
1211 3892 1266 3936 er·
1305 3853 1314 3875 ⁸

234 3981 352 4043 roribus
376 3982 444 4045 olim
467 4001 530 4065 ego
549 3983 663 4066 primus
686 3985 854 4071 repugnari
875 3986 905 4048 in
930 3984 1191 4067 ossenthorp.
1209 3984 1269 4048 1711

235 4095 266 4152 et
287 4091 383 4157 Praei.
408 4112 436 4175 p.
460 4093 500 4156 lX
523 4096 645 4177 dixique
668 4102 782 4160 tanturn
806 4097 931 4176 abesse,
954 4102 988 4159 ul
1005 4097 1153 4160 Lucienus
1176 4097 1267 4159 libros

236 4218 338 4264 sacros
363 4205 462 4268 ridere
484 4224 615 4287 unquam
638 4208 782 4285 ¹voluerit,
806 4215 838 4270 ul
860 4225 914 4270 eos
938 4224 977 4269 ne
999 4208 1120 4271 omnino
1151 4210 1268 4290 quidem

236 4313 372 4380 habuerit
393 4317 542 4400 cognitos.
586 4318 644 4392 Qui
667 4327 765 4383 antem
788 4320 825 4383 da
853 4320 903 4384 tali
932 4321 1119 4403 rejudicare
1148 4321 1270 4401 scirent,
