3050 5160
1134 365 1139 373 ·
1228 349 1268 405 lx

230 509 261 572 et
281 523 334 571 nc.
353 501 440 569 2954
463 501 532 587 (H),
554 500 669 586 quibus
690 502 791 589 copiis
807 502 1025 569 Lehmannum
1045 502 1195 588 vulgatae
1215 502 1270 570 de-

228 626 385 692 fensorem
408 622 575 709 oportebat
603 643 673 693 esse
702 629 892 690 contentum.
935 624 1044 691 Prima
1064 629 1171 690 autem
1191 624 1268 692 Her·

230 744 350 813 motimi
378 743 592 831 ,recognitiffl
621 745 656 810 (l
711 744 870 811 Jacobitic
897 743 1039 829 debetur,
1074 750 1269 830 antequem
1411 822 1415 833 ‚

230 865 368 934 editores
389 865 476 932 nullo
503 864 614 933 codice
641 863 824 953 diligentius
853 885 986 933 excusso
1015 866 1061 933 uti
1089 872 1269 953 potuerunt.

229 988 272 1055 At
294 986 471 1055 Jacobitius
504 993 536 1054 st
557 1008 576 1054 e
598 987 779 1055 Graeviano
803 988 859 1072 (V)
884 987 983 1054 multu
1004 987 1125 1074 primus
1146 986 1271 1055 addidit

231 1098 355 1197 etipse
377 1108 804 1194 contulitGuelferbytanum
826 1108 1000 1177 secundum
1022 1108 1091 1196 (G).
1135 1109 1176 1175 Et
1186 1109 1271 1177 hune

231 1231 359 1317 quidem
380 1232 414 1298 iu
435 1230 540 1317 Gallo,
568 1230 623 1297 ubi
646 1251 717 1299 cum
739 1230 867 1317 optimis
895 1251 980 1299 nunc
1009 1232 1157 1298 convenit
1186 1251 1270 1299 nunc

231 1352 385 1439 dmentit,
415 1372 486 1421 esse
507 1351 575 1419 dixi
596 1353 748 1437 „mirum“
772 1353 921 1437 (Praelat
943 1374 975 1441 p.
999 1353 1084 1439 vll),
1113 1352 1146 1419 in
1167 1353 1270 1420 Icaro-

232 1475 381 1563 menippo
403 1474 445 1541 ob
466 1481 513 1542 tot
533 1474 662 1542 infimae
682 1475 797 1543 aetatis
818 1480 910 1542 notas
938 1481 970 1542 et
991 1473 1271 1542 dehonestamenta

233 1617 251 1664 e
272 1597 375 1684 prima
399 1596 521 1664 familia
542 1596 672 1681 exclusi,
705 1595 765 1663 sed
792 1595 826 1663 in
847 1596 1089 1684 Necyomantia,
1121 1596 1177 1663 ubi
1199 1616 1271 1663 cum

227 1719 302 1806 ipso
323 1718 352 1783 Β
373 1719 558 1806 plerumque
585 1718 750 1801 consentit,
787 1716 921 1784 eundem
942 1718 1071 1786 laudavi
1100 1718 1215 1806 (Praei.
1238 1739 1270 1804 p.

232 1839 293 1905 Vll
324 1845 415 1927 etp.
453 1839 525 1925 Xl).
580 1838 768 1905 Dilaudavit
795 1858 872 1906 eum
905 1840 1001 1906 etiam
1036 1839 1272 1907 Sicmonsenins

234 1959 390 2046 (Quaestt.
412 1961 489 2028 Luc.
511 1982 542 2047 p.
560 1960 595 2043 9)
618 1959 765 2046 neglecto
787 1960 842 2026 illc
863 1959 991 2045 quidem
1012 1961 1217 2047 Hermotimo,
1238 1962 1272 2028 in

233 2102 296 2166 quo
325 2082 397 2170 ipsc
417 2081 556 2149 indolem
586 2082 657 2167 ejus
678 2101 773 2150 nosse
794 2081 902 2168 magni
927 2082 1023 2150 refert
1044 2083 1085 2150 ob
1107 2083 1272 2150 meliorum

199 2221 202 2229 ·
232 2203 383 2270 librorum
419 2203 592 2291 penuriam.
648 2203 686 2269 ln
718 2203 913 2270 Hermotimo
945 2204 1042 2290 igitur
1077 2204 1129 2270 hic
1170 2203 1271 2271 codex

229 2323 340 2409 judice
368 2324 403 2391 O.
426 2324 466 2391 G.
489 2323 608 2392 (lobetc
638 2325 685 2411 (iu
706 2324 797 2393 Varr.
819 2325 907 2392 Lect.
937 2346 969 2413 p.
995 2326 1070 2408 105)
1098 2331 1195 2391 notae
1224 2331 1273 2392 est

233 2446 408 2533 pessimae,
441 2451 551 2514 uonna
584 2445 618 2513 (l.
648 2445 775 2513 Halmio
808 2452 937 2513 auctore
970 2445 1018 2532 (in
1053 2447 1167 2513 Annei.
1203 2446 1271 2512 crit.

233 2538 338 2636 soror.
362 2568 455 2635 1838.
477 2589 508 2635 n.
531 2569 575 2635 aa
602 2590 635 2654 p.
657 2569 735 2655 aas)
769 2575 865 2634 noue
886 2567 1035 2654 optimae.
1089 2567 1159 2653 ugo
1187 2569 1272 2635 omni

234 2689 390 2778 scriptura
418 2710 553 2758 excussa
573 2690 701 2757 Halmio
730 2688 901 2756 adsentior.
955 2689 1014 2756 Ille
1035 2709 1110 2757 vero
1138 2689 1173 2755 in
1194 2689 1272 2755 Her-

233 2812 363 2879 motimo
383 2832 448 2878 non
476 2812 580 2878 minus
603 2830 698 2895 quam
724 2811 757 2877 in
778 2810 1012 2896 Necyomantia
1039 2816 1071 2877 et
1093 2831 1112 2877 e
1133 2811 1273 2897 praecel-

233 2932 312 2999 lenti
333 2931 604 3020 eudioeprofluxit
625 2939 657 2999 et
678 2931 759 2999 liber
772 2932 947 3019 permansit
967 2952 988 2998 a
1008 2951 1104 2999 manu
1119 2938 1272 3000 correcto-

234 3071 313 3118 rum.
360 3051 430 3131 Quo
458 3053 575 3120 lactum
597 3061 655 3140 est,
686 3060 723 3119 ut
750 3073 791 3121 ex
811 3053 1006 3122 Hermotimo
1031 3053 1100 3138 jam
1123 3052 1157 3120 O.
1181 3054 1273 3121 Jaco-

235 3174 331 3240 bitius
359 3174 420 3241 huo
454 3174 593 3242 maxime
621 3173 702 3242 libro
731 3175 828 3242 fretus
857 3175 978 3260 aliquot
1008 3175 1089 3242 vitia
1123 3180 1209 3243 recte
1242 3180 1274 3242 et

235 3295 359 3362 ratione
384 3295 516 3363 tolleret
572 3297 646 3383 Ipse
675 3316 736 3384 ego
764 3297 899 3383 primam
925 3295 1113 3364 Hermotimi
1147 3315 1273 3382 „recen-

235 3416 375 3484 sionem“
396 3417 560 3485 instituere
588 3437 685 3486 ausus
706 3438 777 3485 sum
804 3418 904 3484 tribus
926 3424 1011 3486 certo
1031 3417 1121 3484 libris
1143 3416 1271 3501 (sulz)
1371 3466 1375 3477 .

235 3537 388 3606 confisus:
410 3539 524 3622 quibus
545 3539 600 3606 ubi
621 3540 754 3626 uulgata
766 3540 903 3607 Aldinae
924 3541 994 3608 sola
1003 3545 1169 3626 repugnat,
1190 3539 1274 3605 hanc

235 3658 370 3747 adparet
397 3661 582 3748 plerumque
610 3661 689 3728 vitiu
719 3667 858 3729 creatam
887 3680 966 3728 esse.
1018 3658 1274 3726 vmdobononsis

236 3781 320 3849 enim
338 3782 392 3866 qui
409 3801 540 3849 numero
562 3784 687 3849 estll4
705 3783 763 3869 (H)
785 3781 932 3868 diligenti
954 3781 1133 3848 conlatione
1154 3780 1274 3867 potitus

236 3923 316 3989 sum,
336 3923 432 3989 quem
457 3903 497 3969 H.
526 3903 697 3972 Vielhnber
718 3909 831 3990 rogatu
851 3923 922 3971 meo
941 3903 1094 3970 excussit:
1117 3903 1274 3987 quilibet

237 4045 332 4109 quum
353 4027 395 4093 ab
416 4047 468 4094 me
494 4045 619 4111 quoquc
641 4025 850 4094 vindobonae
870 4026 1000 4095 tractari
1020 4030 1152 4112 coeptus
1181 4032 1273 4110 esset,
1361 4018 1364 4023 ’

237 4144 478 4231 adlegandum
506 4148 653 4216 inventus
681 4154 730 4217 est
750 4148 846 4234 longe
867 4147 1081 4215 difficillimus.
1126 4146 1177 4232 (In
1198 4145 1273 4213 Vin·

238 4265 412 4335 dobunensi
432 4268 473 4353 H,
502 4268 663 4337 Marciam
684 4270 721 4354 H,
749 4269 906 4338 Vaticano
930 4270 963 4335 Γ
988 4276 1020 4336 et
1047 4270 1083 4336 in
1102 4266 1274 4336 Marcianis
