3066 5162
289 321 327 373 v1

289 477 353 549 est,
382 475 416 533 ut
438 489 503 532 snm
533 470 581 532 rel
610 489 650 532 ux
679 468 754 531 naula
783 466 941 549 utriusque
968 467 1129 532 oollalr'ono
1151 467 1326 532 &hinleder

290 592 356 654 Vol.
380 590 405 654 ll
427 590 523 655 Praei.
547 610 575 672 p.
600 590 640 652 Vl
668 596 766 651 nmen
795 588 902 671 partim
931 590 1132 682 perspexerit.
1176 589 1236 653 Sed
1266 607 1326 673 ego

289 712 342 794 qni
363 713 470 775 scirorn
494 712 523 772 in
546 711 667 792 antiqua
691 715 777 792 purte
804 709 965 773 nonnullos
987 709 1109 772 Lnoinni
1139 710 1246 789 libros,
1275 710 1325 791 qni

289 850 370 896 nuno
392 833 429 909 up
452 831 618 895 Gorlloensi
642 832 762 907 absunt,
792 828 890 892 adhue
911 836 1048 893 serratos
1072 849 1160 894 esso:
1189 850 1217 892 a.
1244 829 1327 893 1828

289 954 410 1017 dorlani
433 953 560 1016 ornicum
581 952 698 1035 rogavi,
720 957 754 1014 ut
775 950 846 1019 milri
867 950 924 1013 lros
946 951 1030 1032 ipsos
1054 950 1145 1014 lilnos
1168 952 1327 1035 diligenter

290 1074 451 1137 conferret.
488 1072 648 1154 Quumque
671 1090 710 1133 ex
733 1078 819 1152 parte
841 1070 946 1133 saltem
969 1071 1115 1135 voluntati
1130 1067 1215 1136 mone
1229 1073 1325 1135 satis·

289 1194 399 1257 lseturn
422 1199 516 1272 esset,
538 1193 615 1257 haud
638 1193 768 1275 exiguos
790 1206 830 1255 ex
852 1191 909 1254 hae
930 1191 1088 1256 oollntiono
1110 1192 1226 1256 innotus
1250 1211 1326 1275 per-

291 1315 357 1395 eepi
386 1315 517 1396 itemque
547 1313 633 1377 didici
663 1314 692 1375 in
723 1313 846 1394 antiquo
882 1312 986 1376 codiee
1014 1320 1061 1375 sat
1088 1313 1184 1395 ampla
1213 1313 1327 1377 solrolis

290 1435 408 1513 inesse,
438 1454 516 1517 quae
543 1436 581 1497 ab
608 1434 695 1496 editis
724 1434 831 1515 partini
853 1433 1034 1515 discrepant
1079 1434 1246 1513 Parisinus,
1276 1435 1327 1518 qul

290 1573 417 1619 nnnaero
439 1561 487 1617 est
510 1552 594 1617 2954
618 1553 695 1632 (lli),
723 1550 766 1616 76
795 1555 940 1635 opuseulu
963 1553 1111 1618 Lueianea
1139 1557 1327 1638 complexus,

290 1676 498 1757 bombycinus,
520 1675 650 1758 integer,
673 1674 768 1737 lornra
791 1692 851 1737 non
875 1692 992 1757 magna,
1016 1692 1075 1738 non
1091 1676 1129 1739 ab
1144 1677 1250 1740 eodeni
1272 1678 1327 1740 sou

291 1797 449 1859 aduubus
472 1795 663 1876 diversisque
691 1795 876 1877 temporibus
904 1813 984 1858 sano.
1008 1794 1076 1858 Xlll
1098 1797 1246 1878 scriptus,
1276 1798 1327 1880 qui

290 1918 410 1998 etipse
432 1916 544 1979 selrntla
568 1916 667 1982 lubet.
705 1914 873 1979 Secundam
895 1917 1077 1979 eorreotoris
1093 1934 1211 1980 manuni
1234 1936 1327 2000 saepe

291 2044 437 2119 expertus
461 2043 517 2099 est.
562 2037 745 2114 Florentino,
769 2054 858 2117 quern
880 2050 973 2118 supra
997 2038 1067 2115 dlxi,
1089 2037 1130 2100 ita
1144 2038 1248 2101 similis
1269 2045 1328 2117 est,

290 2172 324 2227 ut
346 2159 374 2221 ei
396 2158 587 2221 Florentinus
618 2159 648 2219 in
679 2164 795 2220 tanturn
818 2155 883 2220 lere
905 2164 1050 2238 praestet,
1078 2165 1222 2240 quantum
1249 2159 1326 2223 idern

290 2280 361 2343 edit.
398 2278 588 2342 Florentinae
611 2284 666 2356 (a)
688 2282 833 2360 praestat,
855 2296 983 2359 quacum
1005 2278 1053 2341 hin
1075 2280 1227 2344 Parisinus
1249 2294 1326 2362 pur-

290 2403 341 2465 tirn
365 2402 438 2464 mire
468 2401 627 2463 oonsentit.
674 2398 810 2479 Duplex,
840 2414 899 2479 qua
922 2416 982 2480 ego
1005 2416 1079 2462 usus
1103 2418 1185 2478 suni,
1209 2400 1327 2464 collatio

291 2522 375 2604 prior
398 2509 455 2585 'lla
477 2519 634 2602 Sypsonri,
664 2519 755 2581 altera
784 2518 869 2581 urnioi
897 2517 935 2581 ad
963 2525 1077 2600 purtem
1100 2525 1215 2584 tanturn
1238 2520 1327 2603 liujus

291 2641 403 2705 oodioir
427 2640 565 2723 perlinat.
611 2620 666 2701 llio
688 2638 785 2701 codex
814 2638 873 2702 etsi
901 2639 931 2700 in
961 2639 1111 2705 nonnullis
1134 2639 1215 2703 libris
1238 2642 1327 2704 stiam

291 2763 385 2827 bonas
416 2761 560 2825 lectiones
592 2758 695 2837 habet,
724 2759 902 2841 plerumque
924 2766 1023 2824 tanuen
1046 2761 1082 2824 ad
1106 2762 1208 2842 justae
1230 2779 1327 2844 prope
1366 2744 1374 2756 ⁸

291 2883 478 2946 recensionis
508 2880 626 2944 moduni
655 2881 854 2962 interpolatus
878 2886 941 2960 est,
970 2888 1004 2943 ut
1026 2899 1094 2944 enm
1117 2883 1203 2963 quusi
1225 2901 1326 2964 qaen-

291 3003 358 3067 darn
381 3004 478 3066 rivum
509 3000 684 3064 asselinus
714 3019 731 3076 a
754 3000 894 3083 primario
916 3001 1140 3083 interpolatoris
1163 3002 1246 3066 lonte
1268 3005 1327 3067 de-

290 3123 421 3187 ductum.
471 3110 614 3194 Quatuor¹
637 3126 754 3184 restant
780 3121 902 3185 eodinus
933 3122 1057 3185 Parisini
1087 3140 1213 3188 nurnero
1245 3122 1328 3188 1428

292 3244 364 3321 (L),
392 3240 479 3304 2955
502 3239 586 3319 (Λ),
614 3237 701 3303 2956
723 3242 791 3322 (Δ)
821 3239 959 3305 012957
982 3242 1070 3321 (N),
1100 3261 1228 3326 qnorum
1256 3245 1327 3309 nulli

292 3364 416 3427 multum
440 3362 572 3425 tribuero
595 3362 672 3425 lieet.

355 3481 608 3564 Guelferbytanus
639 3478 722 3566 prior
751 3485 810 3563 (F)
841 3501 921 3548 seeo.
944 3482 1042 3562 xlvfl,
1070 3487 1328 3567 membranaceus,

288 3607 384 3669 forna
408 3604 533 3667 maxima
556 3604 694 3669 foliorum
717 3597 892 3669 CCXXXlV
921 3623 1064 3669 rersnurn
1086 3607 1268 3672 tricenorum
1291 3610 1328 3672 ab

287 3726 370 3790 initio
393 3725 481 3789 etiam
504 3725 618 3789 solrolia
640 3725 739 3789 habet.
784 3724 939 3789 liirnidiaaa
969 3725 1033 3790 lere
1064 3733 1178 3808 partein
1201 3748 1327 3813 operum

288 3847 507 3913 lunianeorunr
523 3846 740 3929 nornpleotitur,
762 3865 842 3929 qnae
855 3864 949 3930 opera
964 3847 995 3910 in
1009 3847 1105 3930 Epist.
1117 3850 1182 3912 orit.
1199 3869 1228 3932 p.
1240 3849 1267 3912 V
1279 3868 1326 3932 sq,

287 3968 438 4051 sigillatim
460 3968 610 4046 recensui,
633 3986 725 4049 quunr
746 3967 826 4031 lrunc
849 3967 982 4032 codioenr
1004 3989 1024 4032 e
1045 3970 1177 4035 tenebris
1201 3970 1327 4054 primurn

288 4088 465 4171 proferrem.
508 4088 583 4151 Utor
604 4094 704 4153 autern
726 4107 763 4153 oa
785 4088 954 4170 oollationo,
978 4108 1066 4172 quani
1082 4090 1327 4171 insusurrans,

291 4207 430 4273 Urbanus
453 4216 485 4274 et
508 4209 634 4277 cunnus
657 4210 694 4273 ab
718 4228 767 4272 ruo
789 4211 888 4294 rogati
911 4212 1071 4294 conjuncta
1094 4229 1188 4294 opera
1211 4210 1326 4276 effece-

286 4336 367 4394 runt.
412 4331 520 4396 Postea
543 4332 610 4410 alis,
631 4332 651 4394 i.
674 4348 701 4393 e.
724 4347 780 4396 sua
802 4332 898 4413 ipsias
921 4332 1081 4396 collatione
1105 4330 1137 4398 0.
1159 4332 1327 4399 Jacobitius

287 4452 331 4519 uti
353 4453 461 4537 eoepit.
506 4452 611 4519 Codex
632 4452 709 4537 ipso,
731 4457 766 4515 ut
782 4453 845 4535 jura
868 4452 937 4517 olinr
959 4454 989 4516 in
1011 4451 1066 4537 up.
1089 4471 1131 4520 or.
1154 4473 1185 4539 p.
1198 4454 1237 4520 Vl
1259 4474 1327 4541 sqq.
