3086 5154
578 1220 892 1357 Praefatio.
959 1310 962 1314 -

691 1553 795 1562 ...n——

307 1773 453 1884 Genuini
474 1814 594 1900 dialogi
627 1814 688 1880 hoc
719 1834 843 1898 quoque
872 1814 906 1880 id
936 1820 984 1880 est
1012 1814 1104 1881 tertio
1125 1815 1259 1882 Luciani

220 1938 378 2005 volumine
401 1936 608 2021 continentur,
633 1955 712 2019 quos
734 1936 870 2021 primum
892 1955 1001 2001 omnes
1023 1941 1099 2021 apte
1119 1936 1202 2002 inter
1223 1957 1259 2003 se

220 2058 391 2144 dispositos
414 2056 508 2123 edere
529 2058 633 2140 iisque
654 2055 808 2139 majorem
828 2054 1014 2140 impendere
1035 2076 1165 2141 operam
1187 2077 1258 2123 con·

220 2179 307 2246 stitui
330 2199 424 2261 quam
434 2178 550 2244 libellis
569 2176 754 2244 subditiciis.
798 2177 908 2242 Placet
918 2181 1023 2242 autem
1038 2176 1080 2241 ab
1100 2177 1259 2261 opusculis

219 2306 377 2385 postremo
407 2300 477 2365 loco
507 2298 620 2384 positis
653 2296 851 2380 Prometheo,
879 2293 1021 2361 Zeuxide
1050 2303 1082 2361 et
1107 2295 1259 2362 Eunucho

220 2420 369 2505 incipere,
392 2439 475 2503 quae
504 2439 601 2502 quum
621 2418 718 2502 vulgo
745 2416 932 2502 gravissime
954 2422 1102 2503 corrupta
1123 2416 1195 2501 sint,
1217 2437 1259 2482 ne

219 2560 303 2606 nunc
331 2539 459 2622 quidem
486 2540 520 2604 in
550 2540 596 2605 eis
624 2538 703 2604 mihi
732 2536 892 2604 satisfacio
922 2556 981 2602 nec
1009 2556 1114 2602 meam
1141 2537 1259 2621 ubique

220 2660 436 2726 recensionem
456 2667 621 2745 praestare
648 2658 760 2742 ausim,
790 2656 848 2724 sed
868 2655 1040 2724 interdum
1052 2656 1156 2725 adhuc
1178 2659 1260 2725 alios

221 2779 347 2847 codices
369 2787 529 2869 exspecto.
572 2779 613 2844 Et
635 2777 888 2864 in‚Prometheo‘
911 2776 1038 2861 quidem
1061 2773 1171 2842 codice
1187 2797 1258 2844 meo

219 2900 401 2965 Florentino
424 2898 484 2986 (Φ)
514 2906 545 2965 et
575 2900 629 2982 qui
658 2905 824 2985 praeterea
852 2919 917 2965 non
939 2898 1024 2964 male
1045 2896 1153 2963 collati
1174 2903 1258 2976 sunt,

220 3020 380 3086 Marciano
409 3018 463 3106 (Ε)
496 3027 528 3088 et
557 3019 730 3087 Oxoniensi
760 3020 818 3105 (D)
853 3019 903 3085 usi
931 3038 1048 3086 snmus.
1107 3015 1157 3082 Ex
1185 3018 1258 3084 aliis

218 3140 307 3206 libris
339 3139 421 3206 bene
457 3141 579 3225 multis,
621 3161 639 3205 e
680 3139 790 3207 codice
822 3140 892 3205 Poli
926 3139 992 3224 (T),
1027 3138 1159 3208 Graevii
1191 3143 1257 3230 (V),

218 3260 362 3327 Parisino
385 3258 453 3348 (M),
475 3261 611 3346 Longoli
632 3260 790 3346 excerptis
812 3259 870 3346 (U)
900 3258 1076 3345 scripturae
1098 3262 1256 3345 quaedam

219 3379 276 3446 sed
298 3381 442 3466 singulae
474 3382 540 3447 fero
567 3403 586 3449 e
607 3382 740 3467 singulis
762 3380 953 3446 adferuntur.
1006 3382 1080 3448 Jam
1101 3383 1142 3450 de
1165 3383 1256 3451 codd.

218 3502 301 3568 notis
334 3508 460 3587 praeter
494 3503 673 3569 Parisinum
702 3502 735 3567 M
769 3502 865 3593 etiam
894 3502 1035 3569 Venetus
1061 3502 1102 3569 st
1137 3506 1257 3589 aliique

218 3622 321 3690 adhuc
349 3621 530 3689 excutiendi
558 3629 640 3690 sunt.
700 3622 866 3690 Caeterum
894 3623 1038 3690 lectionis
1068 3625 1257 3693 varietatem

218 3743 259 3810 ad
289 3744 371 3811 hunc
392 3744 614 3811 Prometheum
642 3744 804 3811 Rostochii
825 3767 855 3812 a.
881 3746 965 3810 1830
993 3745 1129 3830 primum
1160 3745 1255 3812 edidi.

218 3864 281 3930 Sed
303 3864 388 3948 quod
409 3864 503 3932 modo
526 3863 566 3930 de
584 3866 774 3934 Prometheo
796 3865 942 3949 diximus,
972 3864 1006 3930 in
1034 3870 1124 3931 tanta
1145 3867 1253 3934 lectio-

218 4006 292 4051 num
314 3985 474 4071 paucitate
496 3986 603 4053 omnia
624 4006 694 4054 esse
706 3988 891 4054 incertiora:
913 3986 948 4053 id
969 3986 1065 4052 ctiam
1086 3988 1254 4056 inZeuxin

217 4107 355 4189 itemque
376 4106 606 4174 inllunuchum
629 4106 744 4174 cadere
765 4107 900 4175 videtur.
944 4109 1028 4174 Nam
1049 4108 1255 4192 in,Zeuxide‘

219 4227 398 4314 derpancac
418 4228 571 4297 lectiones
594 4249 612 4296 e
634 4228 744 4296 codice
760 4229 891 4297 Graevii
912 4229 978 4316 (V),
999 4229 1070 4296 Poli
1081 4230 1137 4317 (T)
1158 4226 1255 4314 atque
