3050 5160
612 430 822 483 nsuonxos.
902 472 917 493 ,.
1160 399 1234 470 249

195 606 306 693 ἠξίουν
337 600 573 677 ἀποδύσαντας
603 599 705 667 αὐτόν
735 601 843 684 ὥσπερ
877 597 956 674 τούς
989 597 1237 689 ἀργυρωνήτους

196 716 403 786 ἐπισκοπεῖν,
444 710 474 773 εἰ
508 702 647 772 ἀόναται
691 705 882 791 φιλοσοφεῖν
910 700 952 769 τό
981 728 1019 791 γε
1055 699 1140 789 πρὸς
1171 709 1235 769 τῶν

197 811 332 902 ὄρχεων·
369 815 402 877 ολ
431 810 466 877 δὲ
494 808 541 877 ’έτι
569 806 772 897 γελοιότερον
798 807 1118 893 μεταστειλαμένους
1145 804 1237 882 τινάς

196 926 262 985 τῶν
295 921 327 993 ἐξ
367 912 549 1001 οἰκήματος
586 921 749 1003 γυναικών
781 908 921 978 κελεύειν
954 907 1058 977 αὐτόν
1091 922 1237 977 συνεῖναι

196 1022 251 1087 καὶ
279 1019 418 1097 ὀπυίειν,
450 1019 505 1084 καί
531 1043 605 1084 τινα
633 1024 699 1083 τῶν
730 1015 890 1083 δικαστῶν
918 1016 979 1081 τόν
1007 1011 1237 1101 πρεσβύτατόν

196 1150 233 1192 τε
260 1124 314 1190 καλ
343 1119 543 1191 πιστότατον
565 1126 729 1209 έφεστωτα
753 1119 846 1206 όρᾰν,
877 1122 907 1186 εἰ
935 1119 1115 1206 φιλοσοφεῖ.
1151 1115 1237 1205 μετὰ
1273 1152 1276 1159 ’

198 1229 234 1295 δὲ
263 1230 333 1295 ἐπεὶ
366 1226 495 1302 πάντας
525 1225 543 1292 ὁ
573 1228 671 1315 γέλως
703 1238 826 1315 κατεῖχε
854 1226 908 1291 καλ
938 1224 1046 1299 οὐδεὶς
1076 1225 1164 1298 ὅστις
1198 1220 1239 1289 οὐ

195 1329 259 1416 τὴν
290 1332 432 1420 γαστέρα
463 1329 552 1419 ἤλγει
585 1327 811 1416 βρασσόμενος
845 1328 899 1395 ὑπ’
938 1327 1053 1409 αὐτοῦ,
1090 1326 1238 1417 ἔγνωσαν

197 1432 447 1521 ἀναπόμπιμον
485 1439 518 1509 ές
556 1431 619 1519 τήν
649 1431 789 1499 Ἰταλίαν
827 1434 996 1518 ἐκπέμψαι
1033 1430 1097 1516 τῆν
1130 1430 1235 1517 δίκην.

201 1542 252 1607 13.
287 1539 341 1604 καλ
363 1546 426 1605 νῦν
448 1539 562 1623 ἅτερος
585 1541 647 1623 μὲν
669 1534 753 1623 πρός
774 1534 837 1623 τὴν
857 1544 924 1603 τῶν
944 1535 1050 1625 λόγων
1072 1534 1235 1616 ἐπίδειξιν,

198 1753 283 1805 verba
301 1753 421 1804 Cobetns
440 1753 471 1803 V.
490 1752 521 1803 L.
540 1767 567 1817 p.
586 1751 620 1804 78
638 1751 756 1803 delebat.
793 1756 822 1803 at
838 1732 922 1802 verbo
946 1750 1073 1816 ambiguo
1095 1751 1165 1801 duee
1183 1765 1237 1809 res,

200 1856 312 1905 querum
331 1841 438 1905 utrique
457 1839 501 1889 hic
520 1839 597 1889 locus
616 1846 667 1901 est,
686 1840 860 1889 continentur
878 1838 964 1889 altera
982 1834 1105 1887 συνεῖναι
1121 1835 1238 1905 γυναικί,

199 1926 286 1977 alters
304 1922 427 1975 συνεῖναι
443 1922 503 1978 τοῖς
520 1923 594 1978 νέοις
612 1919 669 1988 (ἐπὶ
689 1923 801 1990 oeps'plz
821 1924 972 1995 cujusmodi
987 1924 1239 1990 jocumeLuciauo

198 2028 252 2063 non
276 2014 362 2078 magis
385 2012 481 2063 tollere
506 2012 571 2062 licet
594 2027 675 2078 quem
700 2028 733 2062 ex
757 2012 946 2077 Aristophane.
1026 2005 1136 2063 όπσλειν
1158 2012 1237 2063 soa

199 2092 298 2149 όπόειν
320 2098 418 2164 vulgo,
446 2114 516 2164 quae
539 2099 627 2149 forma
650 2099 735 2148 attica
757 2098 902 2148 videbator
925 2100 1056 2150 Piersono
1081 2100 1115 2150 sd
1133 2100 1239 2150 Moerin

199 2200 227 2250 p·
247 2183 300 2238 278
318 2191 346 2236 et
364 2185 486 2235 Porsono
504 2184 539 2235 ad
558 2185 654 2249 Odyse.
675 2176 715 2242 δ’,
736 2182 797 2236 798.
834 2186 893 2249 ἱρεο
912 2190 1002 2235 eutem
1026 2184 1079 2237 hoc
1096 2185 1180 2236 verbo
1199 2190 1238 2235 te-

199 2288 272 2322 mere
299 2276 406 2337 arrepto
430 2272 581 2321 Luciaunm
608 2286 713 2321 errasse
736 2270 856 2322 Cebetas
880 2271 912 2320 V.
937 2270 969 2321 L.
993 2287 1019 2336 p.
1046 2272 1079 2324 78
1105 2273 1239 2336 opinatur.

199 2359 280 2409 immo
299 2358 379 2410 lande
399 2357 496 2423 dignus
515 2362 557 2407 est
573 2357 721 2419 Lucienus,
746 2358 792 2421 qni
810 2356 862 2407 hoc
880 2356 992 2407 verbum
1012 2373 1027 2407 e
1046 2357 1154 2410 Solonis
1173 2351 1239 2417 ἀξο-

200 2460 244 2496 σιν
265 2444 378 2507 (utalia
399 2443 480 2509 hujus
503 2446 612 2510 generis
634 2459 716 2509 supro
738 2442 754 2507 6
773 2443 816 2501 let
840 2443 1009 2508 depromtum
1033 2444 1060 2495 h.
1078 2444 1096 2495 l.
1122 2446 1241 2496 scienter

200 2532 321 2598 elegerit.
357 2532 420 2582 vide
439 2547 509 2596 quae
528 2531 582 2581 dixi
601 2531 642 2581 De
661 2530 819 2582 Daetalens.
839 2530 976 2595 Aristoph.
995 2546 1021 2595 p.
1037 2530 1080 2583 ld.
1152 2531 1239 2598 βρατ-

198 2612 316 2683 τόμενοε
333 2617 490 2668 Dindorfins
508 2633 556 2683 pro
575 2610 776 2683 βρασσόμενος.
848 2611 884 2681 ds]
904 2607 942 2670 εἶι
960 2617 996 2669 Φ.

271 2705 311 2757 13.
348 2706 395 2753 καλ
411 2696 667 2771 παρασκευάζεται]
685 2703 755 2754 heec
773 2703 859 2754 videri
878 2708 992 2768 possunt
1010 2719 1070 2754 esse
1089 2704 1239 2769 glosseme3

199 2796 313 2858 possunt
329 2807 394 2842 vero
414 2793 493 2842 etiem
513 2792 630 2842 defendi.
707 2783 909 2840 ἐναντιώτατον
928 2790 963 2841 Φ.
1000 2783 1196 2840 έναντιότατον
1213 2807 1239 2842 r.

270 2872 343 2940 αὑτῷ
363 2878 459 2943 vulgo,
487 2877 535 2928 scd
553 2882 628 2928 recte
647 2877 687 2928 Φ;
713 2870 797 2940 step.
833 2879 955 2942 Bagoam
975 2878 1045 2927 enim
1061 2877 1136 2928 dicit.
1171 2878 1239 2928 Dio·

201 2964 256 3014 oles
273 2966 302 3014 in
319 2964 431 3014 honoris
450 2966 581 3029 petitione
600 2969 675 3014 ratus
694 2964 820 3015 adulterii
839 2966 940 3014 crimen
950 2964 1107 3014 adversario
1125 2964 1240 3015 menime

153 3041 161 3056 ⁰
201 3050 364 3117 contrarium
390 3066 449 3100 esse
467 3052 588 3115 Bagoam
613 3052 797 3102 demonstrare
822 3051 881 3101 vult
905 3067 965 3102 csse
989 3051 1154 3101 adulterum:
1181 3052 1240 3115 ipse

200 3151 265 3186 vero
283 3137 407 3200 Begoes,
431 3137 475 3186 cui
493 3138 661 3187 ennuchismi
680 3140 781 3189 crimen
799 3138 910 3203 gravius
927 3137 1079 3199 videbatur,
1105 3138 1192 3187 virum
1210 3152 1240 3187 se

202 3237 261 3273 esse
280 3222 423 3272 ostendere
440 3222 508 3281 vult,
527 3239 582 3274 non
601 3225 763 3275 eunuchum.
801 3229 911 3275 atvero
935 3223 969 3275 ab
988 3222 1085 3273 Diocle
1102 3222 1241 3274 Lucienus

201 3308 334 3358 dissentit.
377 3308 468 3374 itaque
496 3304 532 3362 ὥς
557 3309 665 3360 videtur
692 3311 834 3361 excidisse.
876 3310 1003 3376 suppleo:
1030 3302 1159 3358 όιτοκινεῖ
1184 3303 1239 3374 [ὡς]

202 3387 403 3443 έναντιολτατον
422 3386 495 3457 αὐτῷ
514 3422 556 3443 -.
630 3387 678 3444 διὰ
696 3391 788 3463 γειρόε
805 3392 861 3460 ἔχει
877 3392 910 3446 τό
929 3391 1055 3463 πρᾶγμα]
1070 3396 1172 3447 locutio
1192 3389 1240 3445 διὰ

200 3474 292 3546 γιιρόε
310 3474 383 3542 ἔχειν
401 3484 428 3529 et
446 3482 553 3544 propris
572 3488 719 3546 usurpatur
736 3480 778 3546 (ut
795 3483 829 3533 sb
848 3484 972 3548 Thucyd.
990 3485 1027 3544 11,
1045 3482 1078 3534 ld
1098 3484 1240 3534 etPlutsr-

161 3633 164 3638 .
201 3567 253 3617 cho
271 3568 298 3616 iu
318 3566 430 3616 Cimone
449 3583 472 3617 c.
494 3565 535 3627 11)
555 3572 583 3616 ct
601 3569 795 3633 metaphorice.
831 3571 869 3620 ite
891 3571 961 3620 idem
988 3569 1149 3620 Plutarchus
1177 3570 1242 3620 dicit

202 3644 250 3702 dui
267 3649 360 3720 χειρός
378 3649 450 3715 ἔχειν
464 3647 517 3717 τὴν
533 3647 619 3704 πόλιν
636 3656 663 3705 in
682 3655 788 3705 Pericle
807 3672 831 3707 c.
851 3654 885 3707 34
910 3657 982 3705 etin
1002 3654 1135 3705 Cicerone
1153 3671 1176 3708 c.
1197 3653 1240 3720 10,

201 3742 258 3790 sive
276 3734 325 3793 τότε
341 3734 437 3793 πόλεις
454 3748 484 3790 ut
501 3743 529 3790 iu
548 3742 686 3792 Demetrio
706 3759 730 3791 c.
752 3743 767 3792 5
787 3748 814 3791 et
832 3743 858 3790 in
868 3742 954 3792 Fabio
974 3742 1090 3792 Maximo
1101 3757 1125 3791 c..
1136 3741 1164 3803 2,
1183 3743 1240 3792 sive

200 3822 237 3876 τὰ
261 3819 384 3891 δημόσια
407 3834 436 3877 ut
458 3829 485 3877 in
511 3828 658 3879 Moralibus
682 3844 709 3893 p.
728 3827 788 3891 813,
808 3828 840 3890 Ο,
863 3830 919 3878 eive
938 3822 1149 3892 retentatores
1169 3821 1241 3877 ἀλων

200 3906 317 3979 πράξειε
334 3919 364 3963 nt
380 3915 409 3964 in
427 3915 510 3965 Bruto
529 3931 553 3965 c.
575 3914 616 3977 36,
637 3921 664 3965 et
681 3916 779 3966 similia
796 3914 879 3965 habet
894 3914 1068 3979 Thucydides
1085 3916 1123 3976 ΙΙ,
1142 3914 1188 3966 132
1204 3908 1241 3964 τό

201 4014 231 4048 τι
249 3993 471 4064 τῶνξυμμάχων
489 3991 538 4049 διὰ
555 3996 648 4067 χειρός
665 3995 744 4064 ἔχειν,
783 4001 877 4052 eadem
895 4002 1054 4067 metaphora
1065 4002 1171 4052 Tullius
1188 4005 1240 4052 uti-

201 4087 291 4136 turin
308 4086 419 4136 Verrem
438 4088 458 4146 l,
477 4087 505 4139 d:
525 4104 625 4154 „quum
643 4103 717 4152 spem
736 4102 808 4137 nunc
826 4087 926 4139 habeut
944 4088 971 4138 in
989 4088 1143 4140 manibus.“
1176 4092 1240 4156 quin

204 4172 284 4223 etiam
301 4168 417 4238 πρᾶγμα
436 4163 484 4221 διὰ
501 4169 594 4237 χειρός
612 4169 683 4238 ἔχειν
700 4175 884 4239 metaphorice
906 4175 1016 4240 ponitur
1039 4175 1123 4226 veluti
1146 4176 1180 4226 de
1194 4175 1239 4240 ju·

204 4257 263 4308 dice
282 4257 315 4307 ab
326 4259 418 4322 Eurip.
429 4260 455 4309 in
465 4260 580 4311 Hecuba
590 4277 615 4311 v.
627 4260 708 4313 1242:
729 4252 859 4325 αἶσχόνην
877 4260 960 4328 φέρει
974 4259 979 4323 Ι
993 4256 1096 4328 πρᾶγμ’
1117 4256 1144 4315 έι
1159 4261 1241 4326 χέρας

203 4336 311 4410 λαβόντ’
337 4337 508 4394 ἀπώσασθαι
529 4339 605 4396 τόδε.
643 4353 734 4399 nostro
759 4348 777 4399 l.
796 4364 877 4413 quum
902 4350 992 4399 omnis
1015 4349 1144 4400 translate
1168 4347 1241 4398 dieta
1290 4339 1293 4346 ’
