3066 5162
587 436 904 489 αεκτοακασωικ.
1192 409 1262 483 171

224 607 344 692 φαῦλοι
374 612 439 673 τοῖν
473 610 508 672 ἐν
536 618 605 682 τοῖς
634 604 735 694 ἀγῶσι
766 604 915 692 κηρύκων
943 602 1115 697 ἐπίτροχύν
1146 633 1179 674 τι
1210 609 1265 675 καί

225 708 349 796 ἀσαφές
378 711 573 799 ἐφθέγγετο·
613 707 702 796 πλην
731 709 820 798 ἐῴκει
850 712 887 799 γε’
918 736 1010 785 τινας
1039 714 1265 778 ἐπικαλεῖσθαι

212 813 399 900 κδαίμονας.
442 810 527 900 μετά
558 811 588 879 δ’
613 810 674 880 οὖν
695 812 756 900 την
780 812 911 901 ἐπῳδήν
931 817 1000 901 τρίς
1027 814 1068 881 ἀν
1089 839 1160 900 μου
1180 813 1264 901 πρὸς

223 917 262 985 τά
295 914 477 1004 πράσωπυν
506 916 704 993 ἀποπτύσας
737 923 883 1008 ἐπανῆγε
913 916 1014 988 πάλιν
1048 919 1168 986 ούδένα
1199 925 1263 986 τῶν

225 1020 448 1089 ἀπαντώντων
470 1025 733 1110 προσβλέποντα.
777 1025 831 1089 καί
860 1024 945 1090 σιτία
966 1027 1031 1108 μέν
1052 1018 1096 1108 ἦν
1116 1021 1201 1109 ἡμῖν
1222 1023 1263 1090 τά

225 1124 405 1214 ἀκρόδρυα,
440 1125 548 1196 ποτδν
571 1127 606 1194 δὲ
637 1126 722 1216 γάλα
753 1128 807 1193 καί
839 1128 1033 1214 μελίκρατον
1061 1128 1114 1194 καί
1143 1124 1265 1194 τὸτοῦ

224 1231 395 1300 Χοάσπου
416 1232 514 1319 ὕδωρ,
540 1230 618 1317 εύνή
643 1231 678 1299 δὲ
700 1230 880 1319 ὑπαίθριος
902 1234 956 1299 ἐπί
978 1241 1038 1317 τῆς
1059 1229 1158 1308 πύας.
1194 1232 1265 1298 ἐπεί

225 1337 260 1403 δὲ
291 1339 360 1413 άλις
390 1336 451 1425 εἶχε
477 1344 537 1422 τῆς
565 1335 839 1423 προδιαιτήσεως,
871 1337 946 1422 περί
974 1338 1080 1421 μέσας
1102 1339 1123 1377 ⁴*
1145 1334 1265 1412 νύκτας
1281 1355 1332 1407 466

225 1442 280 1508 ἐπί
306 1439 366 1509 τδν
394 1442 538 1530 Τίγρητα
566 1439 722 1525 ποταμὸν
746 1438 877 1530 ἀγαγάν
904 1437 1047 1526 έκάθηρέ
1073 1441 1109 1506 τά
1137 1465 1183 1526 με
1210 1442 1264 1506 καί

226 1545 374 1632 ἀπέμαξε
406 1547 459 1611 καί
498 1543 685 1634 περιη’γνισε
719 1544 793 1631 δᾳδί
830 1545 884 1610 καί
926 1545 1032 1632 σκίλλη
1065 1544 1119 1610 καί
1158 1542 1265 1620 ἀλλοις

224 1650 381 1729 πλείοσιν,
406 1651 478 1736 άμα
499 1646 634 1735 κοίτην
657 1647 789 1737 ἐπῳδὴν
819 1648 945 1734 ἐκείνην
965 1645 1262 1734 ὑποτονθορύσας·

224 1752 294 1820 είτα
327 1756 404 1821 ὅλον
436 1779 481 1839 με
513 1752 764 1842 καταμαγεύσας
797 1754 850 1818 καί
882 1750 1085 1839 περιελθεῖν,
1127 1757 1182 1818 ἵνα
1213 1750 1263 1837 μη

223 1856 434 1945 βλαπτοίμην
474 1854 542 1924 ύπδ
581 1863 648 1924 τῶν
687 1854 888 1943 φασμάτων,
933 1853 1089 1945 ἐπανάγει
1129 1860 1162 1932 ἐς
1200 1852 1264 1940 την

225 1962 348 2041 οἰκίαν,
381 1960 424 2037 ἀς
453 1960 554 2051 εἶχον,
587 1960 852 2041 ἀναποδίζοντα·
887 1961 942 2026 καί
969 1957 1009 2026 τὸ
1038 1957 1154 2027 λοιπὸν
1178 1958 1264 2046 ἀμφί

224 2068 331 2133 πλοῦν
353 2068 494 2154 εἴχομεν.
541 2069 571 2134 8.
607 2062 707 2141 αὐτὸς
738 2068 804 2151 μὲν
826 2059 888 2131 σύν
916 2060 1062 2153 μαγικήν
1088 2063 1146 2131 τιν’
1172 2062 1264 2130 ἐνέδν

226 2167 345 2254 στολην
366 2167 406 2235 τά
436 2167 540 2235 πολλά
570 2174 712 2236 ἐοικυῖαν
732 2176 774 2256 τη
796 2167 944 2256 Μηδικῇ,
975 2171 1034 2253 ἐμὲ
1063 2167 1099 2234 δὲ
1119 2168 1264 2235 τουτοισί

224 2275 331 2360 φέρων
353 2270 542 2339 ἐνεσκεύασε
568 2281 612 2360 τῷ
639 2273 720 2359 πίλῳ
749 2272 804 2337 καί
831 2278 873 2359 τῇ
902 2274 1017 2358 λεοντῇ
1046 2271 1100 2336 καί
1128 2270 1265 2356 προσέτι

224 2386 265 2467 τη·
287 2375 378 2464 λύρη,
402 2378 457 2443 καί
477 2375 746 2464 παρεκελεύσατο,
770 2375 815 2459 ἦν
825 2401 873 2451 τις
896 2374 1010 2462 ἔρηταί
1030 2401 1075 2462 με
1095 2373 1260 2459 τοῦνομα,

225 2483 409 2547 Μένιππον
435 2483 500 2566 μέν
527 2477 576 2566 μη
607 2481 720 2568 λέγειν,
748 2478 910 2566 Ἡρακλέα
941 2478 976 2545 δὲ
1005 2477 1212 2564 ἢὈδυσσέα
1240 2476 1263 2563 ἢ

222 2584 361 2671 Ὀρφέα.
388 2587 409 2625 ⁴*
436 2583 533 2651 ΦῙΛ.
567 2581 609 2659 ὡς
632 2581 672 2669 δὴ
695 2584 728 2650 τί
747 2590 858 2664 τοῦτο,
884 2578 908 2649 ὦ
930 2585 1109 2663 Μένιππες
1140 2581 1181 2649 ού
1201 2581 1263 2672 γάρ
1281 2597 1330 2652 467

227 2688 362 2774 συνίημι
391 2685 453 2774 την
476 2687 585 2754 αἰτίαν
607 2687 684 2755 ούτε
711 2696 771 2754 τοῦ
796 2685 962 2776 σχήματος
992 2686 1069 2754 ούτε
1097 2693 1163 2754 τῶν
1186 2685 1264 2753 ὀνο-

225 2790 352 2877 μάτων.
399 2794 523 2858 ΜΕΝ.
560 2792 614 2857 καί
642 2789 716 2877 μην
744 2788 912 2878 πρύδηλάν
939 2817 977 2880 γε
1005 2797 1105 2857 τοῦτο
1136 2791 1190 2855 καί
1224 2793 1265 2856 ού

225 2895 392 2970 παντελῶς
415 2894 616 2982 ἀπόρρητον·
649 2897 719 2963 ἐπεί
740 2894 803 2984 γάρ
827 2891 918 2962 ούτοι
940 2893 1006 2981 πρὸ
1028 2892 1126 2981 ἡμῶν
1150 2896 1265 2972 ζῶντες

226 3004 258 3074 ἐς
289 2998 373 3082 ᾅδου
400 2997 675 3083 κατεληλύθεσαν,
706 2997 816 3087 ἡγεῖτο
849 2997 972 3084 [κάμέ,]
998 3000 1030 3064 εί
1054 3023 1099 3082 με
1128 2995 1265 3063 ἀπεικά-

228 3127 313 3168 σειεν
335 3100 462 3183 αὐτοῖς,
500 3102 617 3190 ῥᾳδίως
639 3100 682 3168 ἀν
702 3098 764 3187 την
785 3109 847 3169 τοῦ
868 3104 1001 3168 Αίακσύ
1023 3098 1169 3188 φρουράν
1193 3100 1265 3166 δια-

296 3400 321 3452 8.
356 3393 486 3466 μαγικὴν]
504 3393 641 3463 μαντικὴν
659 3399 690 3449 L.
760 3393 809 3449 τιν’
830 3392 908 3449 ἕνέδν
927 3399 1147 3453 Hemuterhunius
1166 3418 1181 3454 e
1200 3418 1264 3454 con-

222 3485 341 3552 jectura.
376 3479 425 3535 τιν’
447 3477 494 3534 ἔδει
514 3501 539 3535 v.
575 3500 639 3535 τινα
658 3477 736 3535 ε’νέδο
755 3485 968 3550 ΒΟΘΟΩΦΜΒ,
987 3503 1081 3539 omnes
1094 3504 1189 3540 reeens
1208 3490 1265 3541 col-

226 3574 283 3624 lati.
355 3567 490 3637 τουτοισί]
508 3565 633 3622 τούτοισι
652 3589 726 3623 error
743 3573 911 3626 Reitzianae.
991 3571 1118 3641 προσέτι]
1136 3571 1207 3642 πρὸς
1225 3571 1266 3626 ἐτι

226 3661 258 3711 Β.
328 3652 561 3727 παρεκελεύσατο]
572 3651 795 3726 παρεκελεύσατο
813 3656 848 3724 μδ
859 3659 893 3708 Φ.
924 3654 1154 3726 παρεσκευάσατο
1169 3678 1195 3711 ε.

226 3742 344 3811 μένμὴ]
362 3743 476 3811 μένωσι
494 3746 575 3796 ΒΟΟ.
657 3738 977 3812 δίγτιἹδὴτοιΟϋλα
996 3747 1039 3805 0).
1120 3739 1267 3813 πρόδηλόν

226 3850 256 3900 γε
274 3828 358 3883 τούτο
377 3834 425 3884 ΒΟ
445 3834 494 3891 (ita
512 3832 546 3894 O)
574 3832 644 3883 Get
660 3848 686 3883 v.
722 3825 868 3898 πρόδηλον
890 3826 974 3881 τούτύ
998 3848 1028 3899 γε
1053 3830 1165 3895 ΕΩΦΙι,
1193 3835 1267 3900 quod

226 3937 282 3971 non
300 3926 358 3971 erat
375 3918 552 3985 probandum,
588 3918 650 3968 vide
668 3902 703 3969 Ϊ).
724 3919 803 3968 Mort.
823 3919 869 3977 IX,
887 3919 918 3971 3:
937 3921 984 3969 καὶ
1001 3914 1058 3983 μὴν
1074 3912 1218 3984 πρόδηλός
1234 3937 1265 3988 γε

229 4002 243 4056 ά
263 4003 333 4074 ἔρως
351 4000 446 4056 ούτοσί
464 4033 507 4056 -.
579 3998 606 4058 έι
624 3996 704 4070 ᾅδου]
725 3995 763 4059 εἷς
781 3997 851 4069 ᾅδου
861 4004 922 4057 ΩΦ.
993 3998 1265 4071 κατεληλύθηοανθ.

227 4086 466 4157 κατεληλύθεισαν
474 4093 510 4142 Μ.
581 4086 674 4158 ἡγεῖτο
693 4086 773 4157 κάμέ,
795 4089 825 4142 εἴ
836 4087 882 4169 με]
893 4094 930 4144 ita
941 4095 1055 4145 correxi.
1091 4093 1151 4144 libri
1170 4089 1263 4162 ἡγεῖτο

228 4177 259 4231 εί
270 4196 316 4244 με.
352 4178 572 4230 ωσδοΜεεοίΙίωε
590 4180 748 4243 scripturam
765 4173 875 4246 ἡγεῖται
891 4173 942 4229 τάν
958 4197 993 4245 με
1012 4181 1141 4245 hauserit,
1159 4184 1262 4233 nescio.

302 4268 349 4315 καὶ
367 4259 512 4319 ἀκωλύτως
528 4258 684 4332 παρελθεῖν
702 4282 744 4317 om
764 4265 799 4314 Φ.
833 4283 882 4331 pro
907 4268 946 4316 εἱε
970 4268 1071 4319 habent
1092 4271 1139 4318 καὶ
1159 4261 1263 4319 ἀκωλύ-

227 4369 281 4407 τως
300 4346 333 4403 ἀν
350 4344 507 4419 παρελθεῖν
524 4352 583 4443 Bp,
601 4353 648 4401 καί
667 4346 811 4407 ἀκωλύτως
830 4344 955 4404 διελθεῖν
972 4352 1007 4406 Ω.
