3066 5162
650 453 805 505 mm.
1172 424 1245 496 113

208 618 331 708 νομήν.
380 619 440 689 δίιο
473 634 558 708 μναῖ
587 620 708 710 ἑκάστῳ
740 620 945 708 δοθήσονται
977 623 1032 689 κοιλ
1061 636 1247 711 σησαμαῖος

208 727 371 800 πλακοῦς·
415 725 451 799 ὃς
484 724 515 792 δ’
551 725 594 793 οἲν
626 724 768 815 πώγωνα
798 724 914 812 βαθὺν
947 725 1157 812 ἐπιδείξηται,
1193 728 1247 793 καί

208 826 371 914 παλάθην
400 826 539 918 ἰσχάδων
567 823 663 906 σάτὸς
690 855 728 919 γε
755 828 992 915 προσλήψεται.
1038 830 1180 917 κομίζειν
1212 830 1243 897 δ’

209 940 346 1000 ἕκαστον
377 930 593 1019 σωφροσύνην
621 937 687 1020 μὲν
715 933 737 1020 ή
769 932 976 1019 δικαιοσύνην
1005 933 1027 1019 ή
1062 931 1246 1023 ἐγκράτειαν

210 1036 395 1123 μηδαμῶς·
442 1035 501 1104 οὐκ
530 1037 774 1127 ἀναγκαῑαγὰρ
795 1036 899 1104 ταῦτά
920 1065 968 1127 γε,
998 1036 1044 1122 ήν
1064 1062 1113 1123 μη
1141 1045 1245 1125 παρή,

210 1140 307 1206 πέντε
329 1140 364 1206 δέ
388 1140 621 1231 συλλογισμοὺς
642 1146 674 1218 ἐξ
696 1142 862 1216 ἅπαντας·
899 1139 1023 1230 οὐγὰρ
1044 1141 1145 1228 θέμις
1168 1140 1248 1209 ἄνευ

208 1241 335 1310 τούτων
357 1243 440 1311 εἶναι
463 1241 579 1331 σοφίιν.

312 1360 412 1414 κεῖται
435 1348 467 1415 δ’
493 1353 527 1415 ἐν
549 1350 700 1435 μέσσοισι
723 1347 782 1415 δάο
805 1362 935 1437 χρυσοῖο
957 1346 1113 1427 τάλαντα,

311 1458 356 1537 τῷ
379 1449 496 1539 δάμεν,
522 1450 664 1539 ὅςμετὰ
686 1460 788 1521 πᾶσιν
811 1453 953 1539 ἐριζέμεν
976 1456 1082 1540 ἔξοχος
1104 1454 1165 1535 εἴη.

210 1554 262 1620 ⁴2.
291 1555 412 1641 βαβαί,
443 1554 486 1631 ὡς
506 1553 634 1644 πλήρης
654 1560 717 1643 μέν
739 1556 760 1642 ἡ
786 1554 908 1631 άνοδος
930 1554 1153 1642 ὠθιζομένων,
1178 1554 1248 1621 ἐπεί

212 1783 277 1818 στσν
296 1769 329 1820 Φ.
400 1762 618 1835 ήδικαισσείνην
635 1771 663 1820 Μ
690 1774 717 1821 et
734 1771 847 1821 fortasse
871 1771 903 1819 Ψ.
939 1771 987 1819 καί
1006 1760 1185 1830 δικαιοσύνην
1202 1766 1248 1817 ΑΒ

211 1860 238 1904 et
255 1855 369 1906 fortasse
390 1856 416 1904 Φ
434 1864 461 1907 et
478 1873 504 1912 v,
582 1852 727 1924 ἀναγκαῖα]
747 1850 898 1923 ἀναγκαίαν
917 1857 980 1907 ΦΜ,
1055 1849 1200 1920 ταῦτάγε]
1218 1870 1248 1921 γε

211 1957 253 1990 om
274 1941 309 1992 Φ.
382 1935 535 2000 ίξιίπαντσς
553 1945 604 1994 ΛΦ
622 1950 650 1994 et
668 1944 728 1994 edd.
749 1950 815 1993 vett.
888 1935 914 1991 δ’
936 1938 965 1992 έν
982 1942 1109 2007 μέσσοισι
1122 1943 1247 1993 Solanue.

211 2018 242 2075 δὲ
260 2022 290 2077 έν
305 2026 434 2091 μέσσοισι
455 2030 488 2079 Ψ.
526 2023 556 2079 δέ
574 2029 703 2096 μέσσοισι
720 2031 751 2080 Β.
789 2023 815 2078 δ’
842 2024 872 2079 έν
895 2030 1006 2094 μέσοισι
1029 2030 1090 2080 edd.
1116 2033 1182 2079 vett.
1219 2019 1247 2076 δ’

211 2107 241 2161 έν
257 2114 353 2178 μέσοις
371 2115 406 2167 Φ.
443 2108 474 2165 δέ
493 2115 605 2181 μέσοισι
623 2121 655 2169 Δ.
727 2110 852 2183 χρυσοῖο]
870 2115 982 2181 χρυσίου
1002 2115 1037 2164 Φ.
1108 2113 1199 2169 κεῖται
1216 2141 1250 2150 -

211 2196 265 2264 εἴη]
283 2203 396 2266 parocia
414 2218 447 2253 ex
464 2202 502 2253 Jl.
522 2197 554 2263 τ’,
576 2203 625 2255 507
641 2221 681 2270 eq.

280 2287 322 2340 42.
360 2304 478 2352 persone
500 2295 563 2341 ente
586 2290 674 2357 βαβαί
698 2291 726 2340 in
743 2290 776 2340 A.
856 2283 902 2353 ὡς]
930 2282 992 2338 ισ’σοι
1008 2286 1043 2339 Μ.
1124 2280 1185 2336 έπελ
1202 2281 1252 2339 τὰς

204 2364 262 2420 δύο
280 2367 351 2437 μνᾶς
366 2369 491 2439 ἤκουσαν
499 2372 614 2426 ΑΒΨεί
623 2379 738 2427 fortasse
748 2376 780 2428 V.
817 2368 863 2425 έπὶ
879 2370 929 2428 τὰς
946 2368 997 2424 δύο
1016 2367 1094 2437 μνάσ,
1114 2367 1151 2426 ὡς
1166 2365 1250 2436 ἤκου-

212 2473 264 2507 σαν
281 2460 336 2510 ΦΜ
355 2462 397 2521 (ut
414 2461 531 2511 Solantia
549 2467 578 2513 et
596 2462 701 2514 Gesner
719 2460 914 2526 conjecerant).
951 2455 1012 2510 ἐπεὶ
1034 2454 1083 2513 τὰς
1107 2450 1157 2508 διίσ
1180 2454 1252 2523 μνᾶς

213 2537 249 2597 ὥς
264 2538 422 2609 ἤκουσαντ.
493 2543 573 2613 παρὰ
584 2541 613 2597 δέ
622 2544 666 2613 τὸ]
679 2551 747 2614 περὶ
760 2540 790 2597 δέ
800 2543 832 2597 τὸ
847 2549 878 2598 Ψ
938 2540 1139 2611 Ἀσκληπιεῖον]
1151 2538 1250 2606 εἰσκλη-

210 2629 307 2681 πίεισν
324 2634 379 2683 ΑΒ.
453 2628 547 2699 έκερσι
565 2650 607 2685 om
626 2636 681 2686 AB.
760 2630 904 2700 καλπαρά
922 2633 1078 2684 ABC‘FUV.
1116 2627 1252 2682 καὶκατὰ

213 2716 277 2767 ΦΜ.
313 2721 444 2787 καὶπερὶ
461 2736 488 2770 v.
564 2715 656 2788 πάγον
674 2738 717 2772 om
735 2720 846 2771 ΑΒΨΦ.
927 2716 998 2770 ἔνιοι
1017 2712 1047 2768 δέ
1066 2718 1093 2767 Φ
1112 2725 1139 2768 ct
1155 2735 1181 2768 τ.
1220 2710 1251 2767 δέ

213 2818 255 2853 om
274 2803 328 2853 ΑΒ.
400 2801 451 2857 τὸν
466 2800 540 2856 τάλαι
559 2808 643 2858 ΑΒΦ.
679 2803 730 2857 τὸν
745 2803 797 2857 τσό
819 2800 898 2856 Τάλον
923 2823 941 2856 τ
959 2811 987 2856 et
1003 2806 1117 2856 fortasse
1140 2804 1172 2854 Ψ.

213 2883 344 2941 ἀνάκειον
362 2889 389 2941 Φ
406 2897 434 2942 et
452 2892 512 2945 edd.
531 2899 597 2945 vett.
617 2889 749 2944 ἀνακεῗσν
767 2895 822 2944 ΑΒ.
900 2890 1095 2959 προσθέμενοι
1112 2889 1196 2948 ΔΒΨ,
1221 2895 1252 2939 ut

212 2977 239 3025 in
257 2976 309 3041 Ep.
330 2978 374 3028 Cr.
393 2994 420 3043 p.
440 2979 488 3029 XL
506 2979 685 3044 conjeceram.
720 2978 899 3046 προθέμενοι
917 2977 944 3026 Φ
962 2984 1023 3028 etv.
1093 2966 1250 3043 βομβηδὸν]

214 3055 263 3110 σάν
280 3059 374 3134 βομβῇ
401 3064 434 3114 Ψ.
470 3062 564 3132 βομβῆ
583 3068 637 3117 ΑΒ.
717 3058 877 3131 βοτρσηδὸν
895 3064 949 3115 AB.
1028 3066 1091 3129 poet
1113 3053 1253 3129 βοτρυδὸν

213 3163 274 3198 cum
298 3149 402 3201 Cobeto
427 3149 470 3211 (V.
489 3152 520 3202 L.
539 3168 565 3216 p.
584 3151 647 3209 296)
673 3154 701 3201 et
723 3151 863 3202 Dindorfio
892 3150 980 3200 delevi
1002 3149 1139 3215 glossema
1166 3142 1251 3215 ἑσμοῦ

214 3225 294 3297 δίκην
320 3229 469 3299 (μελισσῶν
495 3231 580 3301 έσμσῦ
609 3229 690 3301 δίκην
712 3233 759 3297 Μ).
804 3254 865 3287 nem
892 3237 961 3286 haec
990 3241 1064 3286 arcte
1092 3235 1251 3286 cohaerent:

212 3313 362 3388 βοτρυδὸν,
381 3316 428 3372 ἰ’να
445 3324 493 3371 καὶ
510 3317 579 3372 καθ’
594 3317 723 3389 Ὅμηρον
741 3322 788 3385 (Jl.
799 3317 840 3389 β’,
852 3319 896 3383 89)
915 3319 993 3372 εἴπω.
1065 3316 1113 3371 ἵνα
1131 3318 1186 3386 καί]
1206 3324 1254 3371 καὶ

214 3423 257 3457 om
271 3407 299 3455 Ψ
312 3408 386 3459 eolus
403 3411 495 3475 itaque
513 3409 532 3460 1.
550 3410 568 3460 l.
581 3410 709 3461 Cobetuc.
730 3415 759 3460 et
775 3410 844 3461 haec
861 3411 921 3475 ipsa
939 3409 1035 3461 verba:
1053 3403 1101 3459 ἰ’να
1119 3412 1165 3458 καὶ
1183 3403 1251 3458 καθ’

206 3486 335 3558 ’Όμηρον
353 3491 421 3544 εἴπω
439 3498 547 3561 saepius
566 3497 638 3562 apud
646 3497 795 3547 Lucienum
816 3501 929 3548 exstant.
1002 3489 1253 3546 κάκεῖθεν-κάν-

212 3573 325 3647 τεῦθεν]
343 3575 478 3633 κάκεῖθεν
494 3577 570 3647 μάλα
586 3576 686 3633 πολλοὶ
704 3576 851 3632 κάνταῦθα
870 3583 904 3632 Φ.
977 3576 1056 3647 ὅσσα]
1076 3576 1130 3633 ὅσα
1149 3582 1183 3632 Φ.

212 3664 334 3734 γίγνεται
352 3666 379 3718 Φ
396 3683 456 3718 cum
482 3669 513 3719 0.
532 3670 648 3720 Reitzio.
685 3667 791 3736 γίνεται
811 3670 834 3720 Α
853 3675 924 3720 etv.
997 3664 1056 3738 ὥρῃ
1076 3667 1253 3721 ΔΒΟΨΒΙΝ

214 3770 275 3813 cum
293 3755 412 3805 Homero
430 3748 522 3821 ά1.β’,
542 3755 594 3807 468
614 3756 749 3821 etOdyss.
770 3750 801 3814 ι’,
823 3755 865 3808 51.
902 3742 1054 3820 ἧρσσΦΜ.
1087 3740 1138 3820 ήρι
1156 3770 1182 3803 v.

213 3832 369 3907 κλαγγηδὸν
383 3834 620 3905 προκαθιζόντων
636 3842 674 3894 Jl.
689 3837 730 3908 β’,
751 3840 812 3893 463.
885 3847 947 3892 octo
965 3840 1050 3891 verbe
1067 3834 1097 3890 έν
1113 3838 1253 3907 βραχεῖ-

212 3921 315 3992 ποίγαιν
332 3926 414 3991 vulgo
433 3932 541 3978 exstant
558 3932 586 3978 ct
603 3930 630 3979 in
649 3928 685 3987 Φ,
705 3930 752 3994 qui
769 3933 860 3979 temen
879 3929 1045 3992 transponit:
1062 3921 1151 3994 πήρα,
1170 3920 1253 3977 κολα·

214 4011 285 4072 καίοι,
304 4007 406 4080 πσίγων
422 4019 451 4066 et
467 4015 495 4064 in
513 4029 539 4077 α,
559 4030 628 4079 ροσε
644 4020 734 4065 umen
750 4030 794 4066 om
803 4007 913 4080 πνίγων.
942 4030 985 4065 om
1003 4013 1072 4065 haec
1090 4021 1153 4066 octo
1171 4013 1255 4065 verbe

214 4100 299 4151 ΑΒΨ.
387 4092 519 4150 κολακεία
537 4127 571 4137 -
590 4094 769 4169 φιλαργυρία]
796 4102 836 4152 ite
860 4100 887 4147 Φ
910 4104 937 4150 et
959 4114 986 4150 τ.
1027 4100 1077 4151 ced
1099 4092 1252 4152 κολακείαν.

215 4180 412 4250 ἀναισχυντίας.
439 4185 600 4255 βακτηρίας.
628 4181 753 4251 λιχνείας.
783 4179 973 4254 συλλογισμοῦ.
1003 4178 1201 4254 (συλλογισμῶν
1218 4185 1255 4246 Ψ)

215 4265 398 4341 φιλαργυρίας
414 4274 494 4325 ΔΒΨ.
574 4266 605 4322 σί
620 4267 709 4340 ὀλίγοι
726 4275 749 4324 Δ
769 4278 797 4324 et
813 4290 839 4325 v.
877 4266 966 4339 ὀλίγοι
984 4271 1011 4320 Φ
1034 4276 1061 4322 et
1083 4278 1114 4323 ut
1138 4277 1203 4337 puto
1227 4272 1256 4320 Μ

214 4358 281 4421 (nen
303 4365 335 4410 ut
357 4360 469 4411 Belinue
487 4358 530 4421 G).
610 4354 700 4410 ε’κιῗνο
726 4375 770 4411 om
791 4359 824 4409 Ψ.
902 4353 959 4407 τῶν
983 4349 1074 4407 ι’ίλλαν
1099 4351 1254 4422 σχημάτων]

277 4443 372 4487 cuein.
386 4443 416 4495 ΙΙ,
433 4444 455 4488 1.
1033 4443 1049 4494 8
