3046 5166
588 403 638 459 AD
664 404 862 460 Lucum
1186 406 1248 462 XLI

205 576 301 641 quum
323 555 384 621 boe
405 554 542 621 nomine*
554 556 667 642 poesin
688 555 829 642 adpellet
846 566 946 641 suam,
968 577 1044 624 snas
1062 558 1163 643 ipsius
1177 578 1249 626 esse

199 664 306 743 'voluit
327 683 460 761 saturas,
490 675 551 742 boo
580 682 629 742 est
649 677 841 743 Lucilianus.
887 677 1019 743 Horatio
1048 684 1154 745 autem
1184 698 1248 745 non

206 799 309 865 solum
340 797 542 883 Porphyrion
569 796 724 863 adrem
752 804 817 862 est:
850 798 951 883 ,Bion,
983 799 1096 885 iuquit,
1128 801 1247 866 Aristo·

205 918 322 1007 phanis
345 917 457 984 comici
478 923 598 1004 pater
619 917 691 1001 (sio,
712 924 748 982 tu
769 916 889 984 scribe:
911 918 1111 1004 imitator)
1132 920 1249 987 dieitur

205 1040 303 1106 luisse
325 1058 462 1124 magnae
483 1037 662 1104 dicacitatis
691 1037 759 1122 —-‘,
791 1058 902 1103 rerum
930 1039 1026 1105 edam
1053 1040 1137 1106 Acro
1166 1041 1185 1106 l.
1208 1042 1246 1109 l.:

207 1168 289 1247 ,sunt
318 1158 549 1245 disputationes
578 1157 687 1224 Bionis
715 1157 907 1245 philosophi,
940 1159 1055 1243 quibus
1083 1161 1248 1226 stultitiam

206 1282 295 1367 vulgi
322 1279 436 1365 arguit,
463 1279 516 1345 cni
544 1298 648 1365 paene
678 1280 877 1346 consentiunt
905 1279 1047 1346 carmina
1072 1281 1248 1347 Luciliano.
1389 1268 1401 1285 '

206 1402 268 1467 llio
288 1408 395 1467 antem
416 1400 499 1466 Bion
521 1400 618 1465 ——iu
640 1398 721 1465 libro
749 1419 843 1483 quem
872 1398 974 1467 edidit
999 1399 1250 1468 mordacissimis

207 1523 328 1589 salibus
356 1540 499 1605 eaquae
520 1518 741 1607 apudpoetas
770 1526 852 1605 suut,
881 1520 928 1586 ita
955 1521 1117 1608 laceravit,
1147 1530 1250 1591 utne

207 1644 345 1711 Homero
368 1639 495 1725 quidem
516 1641 679 1727 parceret‘
722 1641 806 1706 Nam
835 1641 966 1708 siBion
995 1648 1027 1707 et
1055 1642 1171 1709 veteris
1198 1661 1249 1709 oo·

208 1764 355 1831 moediae
383 1760 626 1830 amaritudinem
651 1761 792 1828 imitatus
819 1768 887 1828 erat
915 1768 949 1828 et
969 1762 1057 1847 vulgi
1085 1761 1251 1829 stultitiam

207 1887 292 1953 salse
313 1890 471 1969 arguerat,
493 1882 640 1948 nimirum
661 1882 764 1949 Lucili
787 1883 921 1949 similior
940 1884 1043 1949 luerat
1067 1903 1165 1966 quam
1186 1883 1251 1951 Me·
1290 1890 1293 1894 “

207 2006 307 2094 nippi.
352 2004 500 2070 Ceterum
521 2002 671 2090 Menippo
702 2010 734 2069 et
761 2002 886 2070 Lucilio
918 2011 954 2069 ut
986 2004 1086 2071 multa
1118 2005 1274 2088 singulis,

206 2126 347 2214 propria,
369 2125 416 2190 ita
436 2143 533 2207 quum
553 2123 649 2190 ambo
671 2130 778 2190 essent
796 2124 925 2208 satirici,
947 2125 1041 2210 longe
1064 2125 1156 2210 plura
1176 2125 1262 2191 ntri-'

207 2267 271 2332 quc
303 2245 483 2313 communia
512 2243 650 2310 fuerunt
713 2243 805 2321 Quod
839 2246 923 2311 enim
955 2243 999 2310 ed
1030 2250 1251 2329 argumentum

209 2367 339 2451 adtinet,
370 2374 403 2433 et
423 2365 536 2431 Horati
565 2371 689 2431 saturas
711 2365 737 2450 l,
759 2366 786 2439 9Ι
807 2370 904 2448 atque
924 2365 965 2450 M,
988 2366 1010 2431 ὃ
1037 2366 1189 2451 Lucieno,
1220 2372 1252 2432 et

209 2489 344 2555 Luciam
366 2486 563 2572 ,limonem‘,
591 2485 799 2570 ,cunonem
821 2484 995 2570 ,Somnium
1022 2486 1091 2552 sive
1113 2485 1250 2552 Gallum‘

207 2610 348 2677 seribere
380 2608 470 2675 licuit
500 2607 650 2691 Horatio,
684 2626 779 2689 quum
809 2607 995 2692 praesertim
1025 2606 1105 2672 alibi
1138 2605 1251 2692 eidem,

208 2732 296 2798 veno
327 2729 479 2796 soranus
511 2727 609 2794 eom
631 2727 657 2811 u
682 2730 699 2791 1
734 2733 767 2793 o
792 2726 952 2793 maanus
985 2727 1019 2792 n
1049 2702 1197 2812 mango
1225 2748 1251 2794 s.

209 2852 311 2919 Votis‘
333 2850 427 2917 ambo
450 2869 503 2916 res
524 2847 689 2915 tractarint
710 2848 896 2915 simillimas.
941 2848 1054 2931 Itaque
1075 2855 1110 2913 ut
1131 2848 1252 2933 Menip-

209 2991 271 3058 pus
286 2978 318 3037 et
331 2971 472 3037 Lucilius
491 2971 525 3037 in
542 2969 604 3035 bae
621 2968 833 3037 eommunium
849 2967 1024 3034 studiorum
1046 2967 1254 3038 similitudine.

165 3086 169 3094 ’
210 3090 344 3158 Bionem
365 3090 459 3156 ambo
485 3090 600 3156 ducem
625 3096 847 3175 sequerentur,
876 3089 1004 3155 omnino
1034 3109 1093 3175 per
1119 3108 1155 3155 so
1184 3088 1253 3155 fieri

210 3211 323 3299 potuit,
350 3230 426 3277 rere
452 3216 561 3277 tamen
589 3212 708 3276 factum
736 3229 807 3277 esse
834 3230 899 3276 non
925 3208 1069 3276 arbitror.
1113 3210 1260 3276 Primum,

211 3333 296 3399 enim
324 3331 491 3415 Horatius,
524 3332 579 3415 qui
612 3331 645 3395 in
675 3330 776 3416 Epist.
796 3331 837 3416 ll,
873 3332 903 3414 2,
937 3332 981 3397 60
1012 3330 1123 3398 Bionis
1156 3331 1254 3397 libros

212 3453 337 3519 sibimet
365 3452 428 3539 ipsi
456 3453 557 3518 lectos
585 3455 734 3536 testatur,
770 3469 835 3516 non
863 3450 946 3517 adeo
967 3451 1091 3517 Lucilio
1118 3451 1254 3518 emanoi·

210 3580 306 3660 patus
327 3579 404 3659 eret,
428 3580 462 3639 ut
483 3575 592 3658 legere
612 3571 746 3638 Bionem
767 3591 832 3637 non
858 3570 999 3655 auderet,
1026 3572 1089 3637 nisi
1118 3571 1254 3638 eundem

212 3702 286 3761 ante
307 3694 450 3761 Lucilius
471 3693 653 3760 leotitasset
685 3690 812 3758 Deinde
832 3709 930 3775 quum
946 3690 1097 3777 Menippo
1112 3691 1255 3758 Lucilius

211 3835 310 3902 saepe
331 3821 553 3902 opponeretur,
575 3812 655 3879 illud
673 3811 802 3897 quidem
823 3811 909 3896 quod
930 3812 1022 3877 metri
1043 3812 1097 3877 lex
1117 3811 1253 3877 serebat:

211 3935 276 4020 ,ille
304 3935 482 4023 Menippeis
515 3933 712 4001 sermonibus
741 3933 793 3982 -‘
827 3931 922 4000 scribi
954 3932 1017 3999 nisi
1048 3932 1157 4020 inepte
1190 3954 1254 4000 non

210 4055 324 4141 potnit.
369 4054 487 4145 Contra
509 4055 633 4122 etiamsi
659 4055 811 4142 Menippo
840 4054 943 4140 magis
971 4054 1151 4140 exemplum
1172 4054 1254 4120 Bion

211 4175 380 4262 praeierat,
413 4177 466 4243 rel
498 4178 544 4243 sio
562 4183 671 4243 tamen
693 4177 790 4243 etiam
811 4174 853 4241 de
874 4174 1041 4242 Luciliano
1061 4181 1169 4243 satura
1191 4174 1255 4241 dici

212 4296 321 4380 utique
343 4296 403 4363 boo
425 4297 543 4383 potnit:
566 4298 630 4384 ,ille
653 4298 782 4365 Bioneis
803 4297 1001 4364 sermonibus
1012 4298 1064 4344 —‘
1087 4297 1127 4362 ob
1149 4302 1254 4362 tantas
