3108 5166
269 384 322 469 84
673 402 902 455 ΛουιιιΑυοο

216 594 251 646 ιο
268 573 506 660 ὀλυμπιονίκην
526 573 581 640 καί
606 573 761 663 Θεαγένει
782 578 827 661 τῷ
845 571 957 659 Θασίῳ
977 571 1001 657 ἢ
1023 575 1045 615 ⁴*
1067 569 1309 658 Πολυδάμαντι

267 684 310 765 τῷ
325 677 532 765 Σκοτουσαίφ
556 676 748 757 ἀντίπαλον,
775 673 853 743 ἀλλὰ
875 673 940 761 την
962 675 1122 743 δοθεῖσαν
1142 673 1308 743 ὑπόθεσιν

268 780 371 868 εὐφυᾶ
394 779 478 868 πρὸς
492 779 661 872 ὑποδοχήν
671 789 731 866 τῆς
743 787 965 870 γυμναστικῆς
980 777 1069 867 παρὰ
1084 777 1170 846 πολι)
1182 778 1305 866 ἀμείνω

268 883 465 970 ἀποφαίνειν
491 882 575 971 μετὰ
605 892 664 970 τῆς
690 886 825 975 sime.
856 885 937 951 ὥστε
967 883 1096 949 ἀπέστω
1124 884 1179 949 καί
1207 881 1307 969 ἡμῶν

266 985 304 1054 τὰ
327 987 514 1074 ἐπίφθονον
541 994 640 1055 τοῦτο
669 975 730 1073 της
755 986 969 1077 ὑποσχέσεως,
1001 990 1032 1053 εἰ
1057 986 1173 1076 τέχνην
1194 990 1306 1072 φαμὲν

266 1095 314 1178 ἐφ’
344 1092 429 1157 οὕτω
457 1089 587 1180 μεγάλφ
616 1091 670 1157 καί
696 1093 821 1180 χαλεπῷ
851 1098 895 1178 τῷ
924 1088 1095 1179 πράγματι
1125 1089 1303 1177 εὑρηκέναι.

267 1192 307 1260 οὐ
341 1191 402 1283 γὰρ
438 1193 591 1261 ὁντινοῦν
625 1191 871 1282 παραλαβόντες
907 1192 1093 1280 ἀποφανεῖν
1122 1193 1307 1283 συγγραφέα

266 1301 394 1423 φαμέν,
413 1295 492 1363 ἀλλά
514 1306 558 1384 τῷ
580 1294 675 1384 φίισει
706 1304 825 1384 συνετῷ
853 1298 907 1363 καί
937 1296 1052 1384 ἄριστα
1081 1293 1163 1383 πρὸς
1192 1294 1307 1384 λέγους

224 1480 230 1485 Ι
264 1398 439 1521 ηὀηημένφ
460 1398 643 1476 ὑποδείξειν
664 1397 763 1476 ὁδοίις
783 1424 876 1475 τινας
898 1398 1014 1525 ὀρθὰς,
1045 1403 1076 1465 εί
1095 1397 1136 1485 δὴ
1158 1423 1306 1465 τοιανεαι

265 1502 506 1589 φαίνονται,α
484 1501 535 1579 αἷς
563 1502 728 1629 χρώμενος
757 1509 887 1570 θᾶττον
916 1502 959 1569 ἀν
985 1503 1038 1568 καί
1068 1501 1307 1590 εὐμαρέστερον

265 1605 463 1674 τελέοειεν”
442 1632 511 1729 αγρι
540 1605 623 1694 πρὸς
644 1606 705 1675 τάν
728 1604 863 1675 σκοπόν.
913 1606 965 1671 36.
988 1605 1092 1672 καίτοι
1106 1655 1239 1672 ......
1266 1603 1305 1672 οὐ

264 1707 326 1799 γὰρ
350 1709 392 1778 ἀν
413 1710 512 1797 φαίης
544 1710 711 1797 ἀπροσδεῆ
744 1708 804 1778 τὸν
836 1705 971 1778 συνετὸν
1000 1708 1083 1777 εἶναι
1108 1717 1167 1794 τῆς
1194 1708 1307 1799 τέχνης

264 1921 344 1986 νίκην
362 1927 390 1971 ct
406 1938 468 1973 mox
487 1915 590 1987 ἀμείνω
607 1916 776 1987 ἀποφαίνειν
790 1922 851 1973 libri
865 1937 967 1973 omncs.
985 1921 1135 1987 Utrobique
1148 1914 1306 1985 ἀποφανεῖν

266 2007 402 2073 conjicere
427 2008 531 2058 Cobeto
553 2008 585 2059 V.
604 2008 636 2058 L.
660 2024 687 2073 p.
708 2006 758 2058 166
780 2008 891 2073 placuit.
924 2009 960 2058 At
986 2009 1056 2057 intcr
1083 2022 1175 2058 omncs
1199 2010 1307 2057 constat

265 2095 376 2145 verbum
394 2089 588 2156 ίιπιογνεῗσδαι
612 2109 671 2143 cum
695 2096 845 2158 praeacutis
862 2093 993 2144 infinitivo
1012 2108 1094 2157 scopo
1113 2094 1242 2154 construi,
1265 2093 1306 2143 ott

265 2186 339 2231 recto
362 2179 535 2231 Heindorfios
559 2179 594 2228 od
611 2179 717 2230 Platon.
738 2178 878 2244 Sophistcs
901 2195 926 2244 p.
946 2176 996 2228 329
1022 2184 1050 2228 ct
1075 2178 1247 2228 Hermannus
1270 2177 1305 2227 sd

265 2267 291 2317 h.
310 2266 329 2316 l.
348 2282 373 2331 p.
393 2265 453 2317 219.
483 2263 561 2315 Addo
585 2264 715 2316 Schacfcr
738 2266 773 2316 od
799 2266 915 2316 Thoocr.
933 2265 1044 2325 XXVII,
1063 2263 1106 2326 66,
1132 2263 1247 2314 cundem
1271 2263 1305 2313 sd

264 2352 358 2417 Eurip.
368 2352 439 2402 Mod.
453 2367 479 2402 v.
492 2349 539 2401 ⁷5¹
560 2355 587 2402 ot
606 2351 809 2402 Stsllbaumiom
825 2352 860 2403 sd
873 2352 942 2402 Plot.
954 2351 1057 2401 Criton.
1072 2367 1095 2401 o.
1109 2349 1140 2400 14
1155 2348 1191 2415 (p.
1203 2349 1245 2412 52,
1261 2348 1303 2409 C).

316 2431 525 2503 Πολυδάμαντι]
545 2438 595 2488 hac
614 2439 699 2489 forms
716 2443 808 2489 nostor
825 2439 925 2503 ubique
940 2452 1004 2486 usos
1019 2444 1061 2487 ost
1079 2434 1303 2509 (etismianrog

265 2525 329 2575 doto
354 2540 378 2575 c.
397 2522 426 2587 8,
451 2525 504 2573 Pro
528 2523 658 2588 Imaginn.
684 2540 707 2573 c.
729 2522 759 2573 19
784 2530 811 2573 ct
833 2524 916 2574 Deor.
943 2523 1046 2574 Concil.
1072 2540 1096 2573 c.
1118 2520 1169 2583 ¹2).
1204 2521 1306 2572 Contra

264 2609 441 2660 Philostratus
459 2610 501 2659 Do
519 2613 584 2659 Arte
603 2609 741 2673 Gymnsst.
761 2607 808 2660 ο.1
827 2608 879 2674 pt
898 2609 940 2660 cd.
951 2609 1078 2659 Dorcmb.
1096 2607 1180 2658 habet
1195 2600 1304 2655 Πουλυ-

266 2687 407 2760 δάμαντας
433 2693 524 2761 (quom
547 2696 660 2746 formam
684 2696 730 2745 olii
755 2700 786 2745 ot
810 2695 959 2745 Pausanias
986 2700 1014 2746 ot
1036 2697 1094 2760 ipso
1117 2693 1195 2744 Plato
1219 2694 1304 2745 solam

265 2779 387 2842 norunt);
414 2781 486 2832 idom
504 2785 594 2831 tomen
619 2796 643 2830 ε.
662 2779 696 2834 21
714 2796 741 2845 p.
760 2778 793 2831 31
817 2772 1025 2844 Πολυδάμαντα
1047 2776 1099 2829 τὸν
1114 2778 1305 2829 Σκοτουσαίαν

265 2860 446 2928 (Σκοτοίσιον
464 2867 648 2933 apographum
665 2867 765 2931 Mynas
782 2866 847 2916 ibid.
863 2882 889 2931 p.
902 2865 963 2926 166)
983 2868 1122 2917 etiterum
1141 2882 1165 2916 c.
1176 2863 1209 2915 13
1223 2881 1249 2930 p.
1261 2863 1303 2918 72.

265 2949 351 3016 [Hace
376 2968 448 3003 nunc
471 2956 552 3002 ctiam
577 2951 695 3003 Cobotus
714 2952 756 3001 Dc
774 2951 843 3002 Phil.
867 2950 905 3000 H.
925 2952 1010 3016 Γυμν.
1037 2968 1063 3018 p.
1082 2951 1113 3002 11
1139 2948 1249 3017 tetigit]

263 3036 441 3102 Σκοτουσαίφ
460 3039 576 3088 Bckker.
603 3035 773 3087 κοττουσαίω
792 3040 823 3088 Α.
850 3037 1044 3101 Σκοτουσσαίῳ
1063 3038 1154 3104 vulgo.
1230 3032 1302 3103 μετὰ

263 3120 312 3187 τῆς
337 3119 439 3188 τέχνην]
466 3117 537 3188 μετὰ
562 3122 656 3187 τέχνης
680 3122 713 3172 Ω.
796 3119 943 3189 εὑρηκέναι
966 3123 1143 3175 ΩΦΔΕΗΔ6
1158 3124 1302 3175 Victorius.

265 3203 450 3274 ε’φευρηκίναι
472 3210 495 3259 F
515 3214 541 3259 et
556 3210 648 3274 vulgo.
720 3204 855 3273 ὁντινοῦν]
881 3197 931 3260 σίν
951 3209 1001 3260 τιν’
1021 3197 1071 3260 σίν
1096 3208 1130 3258 Φ.
1158 3204 1254 3259 δτιοίιν
1270 3211 1302 3260 Δ.

317 3289 475 3360 ἀποφανεῖν
493 3294 612 3345 Cobctos
630 3296 658 3345 in
676 3296 707 3346 V.
726 3297 758 3347 L.
777 3312 803 3362 p.
815 3295 873 3346 166.
900 3297 975 3347 Libri
993 3291 1170 3362 (inconivus.
1242 3312 1302 3362 ocy-

264 3380 376 3446 γραφέα
387 3377 479 3445 φαμέν
492 3373 570 3444 ἀλλὰ]
591 3380 749 3447 συγγραφέα
760 3379 820 3447 μέν,
837 3375 906 3431 ἀλλὰ
923 3381 957 3431 Φ.
1028 3378 1158 3433 τοιαῦται
1172 3381 1221 3435 ΩΔ
1240 3387 1267 3434 ot
1276 3400 1302 3433 v.

263 3462 380 3515 τοιαῦτα
406 3465 516 3517 offic.
598 3464 755 3532 φαίνονται]
780 3463 935 3533 φανοῦνται
960 3470 1078 3521 Cobotos
1097 3469 1128 3520 V.
1146 3470 1178 3519 L.
1196 3485 1224 3534 p.
1245 3468 1303 3531 166,

263 3553 412 3603 mutatione
426 3552 522 3603 inutili.
593 3547 658 3618 ἄχρι
674 3557 722 3603 καὶ
740 3553 800 3615 (καί
814 3554 849 3618 A)
865 3551 938 3623 πρὸς
953 3556 1015 3607 libri
1033 3569 1134 3607 omncs.
1154 3548 1217 3620 ἄχρι
1232 3550 1304 3620 πρὸς
1403 3552 1405 3555 ’

265 3654 326 3688 cum
345 3638 377 3689 6.
396 3638 501 3702 Lcngio
526 3637 695 3701 (Animadvv.
720 3642 755 3691 sd
772 3641 848 3692 locos
866 3643 981 3693 Locisni
1002 3658 1028 3708 p.
1049 3641 1092 3704 17)
1115 3642 1302 3707 corrigendum

265 3739 324 3774 csso
342 3725 370 3774 in
389 3725 514 3785 Quaesst.
532 3725 599 3775 Luc.
618 3742 644 3789 p.
663 3724 697 3775 61
719 3726 800 3777 docui
822 3728 911 3778 vorbis
935 3729 1003 3779 odeo
1028 3731 1123 3781 iisdem
1148 3722 1212 3793 ίίγρι
1231 3722 1303 3792 πρὸς

263 3805 314 3859 τὸν
331 3806 438 3859 σκοπὸν
456 3827 470 3861 ε
488 3811 600 3876 Nigrino
620 3827 643 3861 c.
663 3810 696 3863 36
714 3812 811 3865 allatis.

335 3892 376 3945 36.
401 3882 461 3946 libri
482 3895 584 3946 Καίτοι
609 3892 642 3947 οὔ
665 3893 718 3965 γὰρ
744 3892 779 3948 ἀν
804 3900 896 3965 φαίης,
923 3900 1019 3966 quibos
1043 3900 1134 3951 verbis
1159 3899 1300 3963 Graevius,

265 3980 380 4032 Solsnos
405 3989 433 4032 ct
451 3983 555 4033 Gesner
578 3985 672 4034 morito
698 3985 793 4036 offensi
815 3992 885 4037 sont.
913 3987 972 4051 Ego
998 4003 1069 4037 nunc
1087 3991 1149 4051 post
1165 4001 1191 4035 τ.
1210 3983 1302 4035 καίτοι

264 4068 342 4132 signs
364 4070 442 4132 posui
465 4069 588 4121 lacunae.
614 4071 700 4121 Decst
716 4076 806 4123 autom
826 4073 958 4137 ejusmodi
976 4072 1092 4139 aliquid:
1119 4070 1222 4120 Καίτοι
1240 4065 1301 4135 [oris
1323 4054 1326 4063 ’

265 4146 408 4218 ἀνωφελὴς
426 4145 485 4202 οὐδ’
503 4149 571 4220 αὕτη
589 4152 607 4220 ἡ
626 4155 790 4223 παραίνεσις
807 4148 919 4212 εἰκότως
936 4150 1033 4223 δοκοίη
1054 4152 1088 4208 ἂν
1106 4150 1165 4208 οὔδ’
1185 4152 1300 4208 εὐκατα-

265 4232 425 4305 φρόνητοι.]
453 4234 492 4289 06
509 4239 563 4309 γὰρ
583 4236 617 4293 ἂν
635 4242 719 4309 φαίηι
738 4262 779 4293 -·.
805 4244 875 4296 Olim
894 4247 922 4296 in
941 4245 1063 4308 Quaestt.
1081 4246 1149 4296 Luc.
1168 4260 1194 4309 p.
1205 4242 1247 4308 63,
1266 4258 1301 4295 nc

264 4325 329 4397 quid
347 4328 479 4381 excidisse
496 4329 640 4397 videretur,
663 4328 755 4383 καίτοι
773 4356 805 4370 ·-
823 4326 876 4402 γὰρ
896 4332 991 4385 codem
1007 4332 1088 4386 modo
1108 4347 1161 4399 quo
1179 4323 1250 4382 ἀλλὰ
1267 4352 1301 4367 ·-·
