3066 5162
286 390 358 463 158
688 420 916 473 Αστιιειιου

214 608 263 661 789
281 587 371 676 μάλα
407 588 446 674 δη
481 590 534 655 καί
569 588 720 675 ύβριοταί
752 594 814 657 είσι
846 590 899 655 καί
932 588 970 654 ού
1005 589 1143 676 μετρίως
1173 593 1194 631 ⁴*
1225 588 1323 674 ἡμῶν

282 692 529 772 καθάπτονται,
560 692 642 779 μήτ’
672 695 900 779 ἐπιμελεῖσθαι
928 701 994 760 τῶν
1023 693 1245 779 ἀνθρωπίνων
1272 695 1323 759 λε’-

281 824 393 887 γοντες
414 796 492 873 τούς
513 796 617 873 θεούς
638 796 725 882 μήτε
749 799 829 873 ὅλως
851 796 892 863 τά
914 796 1096 887 γιγνόμενα
1119 803 1320 864 ἐπισκοπεῖν·

281 905 363 969 ὥστε
386 903 453 988 ὥρα
480 902 562 987 ύμῖν
583 903 786 991 λογίζεσθαι,
812 900 895 970 διύτι
916 904 959 987 ἢν
981 904 1071 978 ἅπαξ
1093 895 1185 968 ούτοι
1211 915 1321 969 πεῖσαι

281 1010 342 1073 τον
361 1006 437 1091 βιόν
460 1006 662 1090 δυνηθῶσιν,
688 1006 726 1071 σύ
751 1008 889 1092 μετρίως
911 1004 1093 1090 πεινήσετε.
1123 1005 1173 1079 τίς
1194 1004 1256 1095 γὰρ
1279 1004 1322 1070 ἂν

283 1114 329 1176 ἔτι
359 1108 493 1175 θύσειεν
514 1109 596 1194 ὑμῖν
617 1112 719 1177 πλέον
742 1110 837 1177 ούδέν
860 1115 940 1186 έξειν
966 1110 1181 1196 προσδοκὼνς
1215 1110 1237 1175 ἀ
1259 1113 1323 1194 μὲν

281 1211 343 1301 γάρ
376 1213 396 1298 ἡ
427 1212 553 1299 Σελήνη
585 1218 743 1293 αἰτιᾶται,
787 1212 910 1289 πάντες
942 1212 1105 1299 ἠκούσατε
1137 1222 1196 1279 τοῦ
1231 1215 1323 1289 ξένου

281 1322 359 1406 χθές
388 1317 616 1405 διηγουμένου.
663 1316 748 1404 πρὸς
776 1326 881 1385 ταῦτα
908 1317 1108 1405 βουλεύεσθε
1130 1319 1152 1383 δ
1174 1318 1227 1383 καί
1254 1329 1322 1395 τοῖς

283 1421 477 1508 ἀνθρώποις
505 1421 618 1511 γένοιτ’
645 1422 688 1489 ἀν
711 1421 960 1509 ὠφελιμώτατοι,
992 1424 1045 1489 καί
1074 1422 1158 1508 ἡμῖν
1180 1420 1322 1507 ἀσφαλέ-

285 1551 398 1595 στατα.
446 1530 498 1594 33.
533 1525 684 1602 εέπύντος
711 1536 817 1593 ταῦτα
844 1535 902 1592 τού
927 1525 1007 1602 Διὸς
1033 1526 1055 1611 ἡ
1082 1526 1229 1610 ἐκκλησία
1256 1525 1322 1591 διε-

282 1630 505 1718 τεθορύβητο,
541 1633 595 1697 καί
628 1629 730 1707 εύθύς
763 1629 867 1717 έβύων
901 1633 1063 1706 ἅπαντες,
1104 1627 1322 1716 κεραύνωσον,

283 1733 493 1822 κατάφλεξον,
526 1734 710 1819 ἐπίτριψον,
743 1741 775 1811 ές
804 1734 842 1801 τὸ
871 1734 1058 1822 βάραθρον,
1089 1741 1121 1811 ές
1146 1733 1204 1801 τὸν
1233 1730 1322 1819 Τάρ-

283 1865 383 1925 ταρον
412 1839 454 1915 ὡς
486 1836 564 1913 τούς
596 1839 627 1905 Γ
625 1839 768 1927 ίγαντας.
815 1838 952 1928 ἡσυχίαν
987 1839 1022 1906 δὲ
1056 1838 1074 1907 ὁ
1103 1836 1191 1914 Ζεύς
1224 1832 1323 1917 αὖθις

283 1943 516 2032 παραγγείλας,
548 1948 638 2009 ἔσται
658 1952 763 2011 ταῦτα
785 1935 828 2019 ὥς
848 1942 1023 2029 βούλεσθε,
1054 1943 1131 2029 ἔφη,
1161 1943 1214 2008 καί
1235 1939 1323 2009 πάνν

282 2072 335 2123 τες
364 2046 628 2133 έπιιετρίψονται
660 2047 744 2135 αύτῇ
775 2048 964 2137 διαλεκτικῇ.
1011 2044 1100 2133 πλην
1127 2043 1166 2113 τύ
1194 2071 1232 2134 γε
1260 2050 1323 2113 νῦν

284 2149 367 2217 εἶναι
390 2150 430 2217 ού
451 2152 552 2238 θέμις
573 2153 781 2237 κολασθῆναί
805 2174 897 2218 τινα·
935 2151 1108 2238 ἱερομηνία
1135 2147 1198 2240 γάρ
1220 2155 1319 2229 ἐστιν,

284 2253 326 2331 ὡς
350 2258 416 2322 ίστε
437 2262 555 2342 μηνῶν
577 2254 704 2324 τούτων
724 2254 896 2340 τεττάρων,
922 2257 975 2323 καί
996 2252 1135 2341 ἦδητὴν
1152 2254 1323 2343 ἐκεχειρίαν

283 2358 569 2448 περιηγγειλάμην.
617 2367 649 2437 ἐς
680 2361 784 2427 νέωτα
812 2354 873 2426 σύν
900 2358 1085 2450 ἀρχομένου
1116 2354 1197 2445 ἦρος
1229 2357 1322 2427 κακοί

283 2470 386 2539 κακῶς
407 2462 609 2530 ἀπολοῦνται
630 2472 674 2552 τῷ
698 2463 882 2551 σμερδαλέῳ
904 2469 1059 2551 κεραυνῷ.

354 2693 396 2749 33.
433 2687 656 2760 διετεθορύβητο
675 2711 734 2747 cum
754 2694 879 2746 Bekkero
899 2693 1143 2745 Sommerlsrodtius
1162 2698 1189 2742 et
1206 2691 1321 2749 Diudor·

283 2781 343 2835 tius.
379 2782 440 2832 libri
458 2773 684 2847 διετιθρύλλητο.
720 2782 868 2833 scholiasta
884 2784 1004 2846 exponit:
1024 2774 1152 2847 θορύβου
1170 2781 1217 2829 καλ
1234 2794 1321 2843 ταρα-

282 2866 329 2932 κῆτ
348 2862 513 2934 ε’πληροῦτσ.
549 2870 610 2919 vide
629 2871 651 2918 si
669 2885 737 2934 opus
755 2869 818 2919 δον.
838 2869 919 2931 Trsg.
938 2867 954 2929 ᾗ
975 2866 1005 2918 13
1020 2869 1077 2917 init.
1097 2872 1125 2917 et
1140 2865 1320 2916 Alexandrum

284 2955 340 3019 §31
353 2957 423 3006 med.
495 2949 521 3009 ἔτ
537 2950 569 3004 τὸ
589 2950 749 3021 βάραθρον,
771 2950 797 3009 ές
813 2950 863 3004 τὸν
883 2948 1040 3020 Τάρταρον]
1060 2946 1087 3007 ἐς
1102 2948 1153 3003 τὸν
1169 2946 1321 3018 τάρταρον,

284 3037 310 3096 ἔτ
327 3039 359 3091 τὸ
378 3035 532 3109 βάραθρον
551 3041 611 3091 OG.
699 3036 895 3108 ἐπιτρίψονται
921 3040 1003 3106 vulgo
1029 3046 1123 3090 contre
1147 3040 1318 3089 atticismuro.

284 3136 312 3179 et
331 3122 558 3195 ε’πιτετρέψσνται
578 3126 612 3187 Φ,
638 3129 678 3178 uti
703 3128 821 3178 Cobetus
841 3130 872 3176 V.
893 3128 923 3178 L.
943 3144 968 3192 p.
992 3124 1041 3179 lid
1065 3126 1204 3192 praeclare
1228 3123 1318 3189 conje-

285 3220 366 3265 σεται.
453 3207 691 3281 περιηγγειλάμην
717 3215 801 3273 TW,
832 3231 884 3281 quo
912 3214 1017 3265 adludit
1041 3204 1259 3280 περιγγειλοίμην
1286 3211 1318 3263 G.

284 3292 487 3367 ἐπηγγειλάμην
504 3302 586 3361 (bono
605 3296 779 3366 glossemate)
798 3302 888 3366 vulgo.
927 3292 1146 3367 ε’πηγγειλλάμην
1163 3316 1188 3351 ιι.
1222 3300 1321 3351 frustm

285 3388 404 3439 (λούεται
421 3389 453 3437 V.
465 3387 496 3437 L.
514 3404 540 3453 p.
554 3386 602 3441 tet
619 3381 850 3454 περιηγγείλαμεν
867 3388 1012 3437 substituit.
1049 3388 1124 3454 etqui
1141 3387 1249 3451 Jupiter
1265 3401 1319 3435 uon

283 3477 341 3541 ipse
366 3481 429 3540 puto
453 3475 521 3525 hsec
540 3476 685 3539 imperarat
708 3475 756 3524 sed
778 3491 827 3540 per
850 3475 1012 3524 Mercurium
1036 3474 1237 3525 internuntium.
1263 3477 1318 3521 tum

284 3546 355 3613 sicut
378 3568 405 3613 et
422 3552 597 3628 ἐπαγγέλλειν
621 3568 648 3611 ct
669 3577 732 3612 sero
752 3553 969 3628 ἐπαγγέλλεσθαι
985 3568 1026 3611 est
1044 3560 1134 3623 ,alicui
1153 3560 1216 3625 quid
1235 3561 1318 3624 impe·

284 3647 363 3709 rsm‘,
387 3650 426 3700 its
444 3651 524 3699 etism
549 3648 655 3700 νοτίοιο
673 3656 746 3699 recte
766 3653 878 3712 possunt
902 3642 1054 3712 ἐκεχειρίαν
1070 3637 1319 3713 περιαγγέλλεσθιιι

285 3741 312 3785 et
329 3736 534 3801 Thucydideum
554 3734 623 3793 (vlt,
646 3735 688 3795 18)
709 3726 826 3799 σίδηρον
842 3726 1057 3800 περιαγγέλλειν.
1133 3719 1182 3782 σύν
1200 3725 1318 3797 ἀρχομέ-

283 3818 343 3888 νου]
362 3816 516 3888 ἰιργομένου
536 3808 587 3871 σύν
604 3838 628 3875 α
666 3822 749 3873 verbs
767 3815 921 3887 ἀρχομένου
940 3807 1010 3886 ἦρσε
1019 3820 1138 3871 Cobctus
1149 3820 1179 3869 V.
1189 3819 1220 3869 L.
1230 3835 1257 3883 p.
1267 3816 1318 3870 297

285 3911 361 3976 qussi
384 3910 519 3975 glossema
541 3909 614 3959 delet
636 3910 768 3976 probante
792 3907 941 3959 Dindorfio.
984 3914 1013 3959 st
1034 3912 1223 3973 praeterquam
1247 3904 1319 3970 quod

284 3997 346 4049 enni
365 4002 470 4060 tempus
488 4011 548 4046 cum
567 3998 706 4059 superiore
717 3994 864 4061 §ldplsne
883 3996 1019 4056 convenit,
1037 3994 1145 4058 saepius
1158 3991 1317 4043 huecdictiu

284 4076 311 4135 ίι
326 4079 416 4133 νέωτα
434 4083 586 4133 accuratius
606 4082 715 4134 definite
739 4087 790 4140 est,
810 4082 884 4132 utin
902 4082 1069 4131 Hermotimo
1088 4077 1104 4141 ᾗ
1123 4078 1152 4129 l:
1181 4073 1207 4132 ἰε
1229 4078 1319 4128 νέωτα

284 4164 393 4227 εἴκαζεν
411 4162 456 4216 ἐπὶ
478 4164 510 4217 τὸ
531 4161 618 4234 ἀκρον
636 4165 754 4220 έσεσθαι·
771 4185 815 4228 σε,
845 4162 907 4218 οἷον
929 4164 1001 4233 μετὰ
1017 4164 1053 4217 τὰ
1070 4160 1219 4233 μυστήρια.
1289 4151 1317 4230 ἧ]

283 4249 302 4320 ἢ
320 4255 344 4306 G
363 4260 390 4305 et
406 4258 496 4306 stetim
514 4249 678 4322 ἐποφρύοιν.
749 4250 839 4320 νεῦσε]
857 4252 953 4306 νεῦσαι
971 4255 1005 4306 Φ.
1041 4255 1137 4305 Jovem
1153 4253 1179 4303 h.
1191 4253 1208 4304 l.
1220 4253 1316 4303 Lucie-

283 4359 334 4393 nus
351 4342 431 4408 plene
449 4348 479 4393 ut
497 4345 553 4408 ipse
573 4344 707 4394 Homerus
725 4337 773 4408 (Jl.
785 4335 820 4403 α’,
840 4341 900 4404 528)
912 4342 1052 4393 describit:
1070 4334 1126 4406 μέγ’
1147 4333 1316 4405 ἀγθήοοντα.
