3086 5154
512 450 579 504 Διε
597 451 968 511 κκαιεσοεοεπεαοε.
1215 431 1261 504 19

221 621 336 703 μιαρὲ,
375 616 460 705 πρὸς
491 617 531 687 τύ
565 618 784 709 δικαστήριον.
843 624 963 692 ΑΛΛ.
1010 625 1059 713 μή
1095 625 1170 718 ἀγχε
1201 655 1258 715 με.

223 723 323 789 ΛΙΚ.
355 721 442 791 οἶσθ’
467 725 487 789 δ
508 722 693 812 δράσωμεν,
725 721 897 814 ἀἙρμῆς
925 727 985 805 τάς
1006 734 1069 816 μὲν
1093 730 1190 808 ἀλλας
1212 732 1262 800 δί-

222 850 280 901 κας
302 831 336 902 ές
352 825 415 913 τήν
428 827 545 916 αύριον
566 828 846 917 ὑπερβαλώμεθα,
866 830 1014 919 τήμερον
1037 833 1072 900 δὲ
1094 837 1261 922 κληρῶμεν

220 929 279 1006 τὰς
300 930 466 1012 τοιαύτας,
492 931 614 1001 ὁπόσαι
628 935 752 1024 τέχναις
773 934 796 1021 ή
813 935 898 1023 βίοις
919 936 941 1022 ή
960 938 1161 1024 ἐπιστήμαις
1177 939 1261 1026 πρὸς

221 1033 344 1121 ἀνδρας
366 1038 448 1103 εἰσίν
469 1038 716 1127 ἐπηγγελμέναι.
747 1039 803 1107 καί
822 1066 883 1126 μοι
904 1039 1032 1117 ταύτας
1050 1041 1174 1119 ἀνάδος
1194 1051 1260 1111 των

219 1146 363 1227 γραφῶν.
421 1142 536 1209 EPM.
569 1143 675 1228 Μέδη
711 1142 793 1210 κατά
831 1151 891 1229 της
920 1144 1145 1233 Ἀκαδημείας
1176 1146 1260 1234 ὑπὲρ

220 1243 422 1329 Πολέμωνος
454 1243 741 1333 ἀνδραποδισμοῦ.
812 1250 913 1316 AJK.
961 1248 1045 1317 ἑπτά
1078 1248 1256 1337 κλήρωσον.

220 1349 334 1416 ΕΡΜ.
366 1348 387 1434 ή
407 1348 496 1416 Στοά
519 1349 602 1416 κατά
624 1358 684 1437 τῆς
701 1350 848 1437 Ἡδονῆς
870 1351 1006 1432 ἀδικίας,
1033 1357 1083 1421 ὅτι
1103 1354 1161 1422 τὸν
1184 1361 1260 1442 ἐρα-

221 1449 301 1537 στήν
340 1452 443 1539 αὐτῆς
476 1455 654 1522 Διονύσιον
693 1453 950 1543 ἀπεβουκάλησε.
1011 1460 1112 1526 AJK.
1160 1461 1259 1527 πέντε

221 1557 335 1624 ἱκανοί.
377 1560 492 1628 ΕΡΜ.
523 1561 598 1646 περὶ
617 1560 836 1649 Ἀριστίππου
864 1559 979 1648 Τρυφή
1002 1560 1087 1650 πρὸς
1106 1561 1255 1649 Ἀρετήν.

220 1663 320 1728 AJK.
345 1662 443 1729 πέντε
461 1664 514 1729 καί
537 1668 558 1705 ⁴*
576 1662 705 1741 τούτοις
728 1664 965 1734 δικασάτωσαν.
1004 1669 1118 1734 ΕΡΜ.
1140 1667 1259 1756 Ἁργυ-
1276 1695 1327 1747 808

219 1764 394 1853 ραμοηδική
430 1767 582 1855 δρασμοῦ
609 1771 767 1859 Διογένει.
816 1773 917 1839 AJK.
955 1784 1039 1858 τρεῖς
1069 1770 1259 1859 ἀποκλήρου

218 1866 354 1954 μύνους.
407 1874 521 1940 EJ’M.
560 1872 710 1961 Γραφική
744 1872 826 1941 κατά
847 1873 1029 1963 Πύρρωνος
1056 1876 1255 1953 λιποταξίου.

219 1975 319 2041 AJK.
345 1976 439 2042 ἐννέα
460 1975 673 2064 κρινάτωσαν.
714 1981 762 2046 14.
790 1982 903 2049 ΕΡΜ.
929 1977 1040 2066 βούλει
1060 1981 1115 2047 καί
1135 1979 1257 2058 ταύτας

219 2116 426 2129 ’.ι-

292 2189 332 2240 Η.
370 2184 575 2258 ἀποκληρῶμεν
603 2192 664 2243 ΩΦ.
710 2186 925 2260 ἀποκληρούμεν
950 2194 1026 2245 ΑΨΜ
1051 2200 1079 2244 σε
1104 2210 1130 2244 v.
1208 2192 1258 2250 τὰς

219 2270 319 2342 πρωίην
336 2276 450 2327 Am».
488 2276 538 2333 κάς
559 2273 660 2345 πρνίην
680 2273 730 2332 τάτ
748 2280 775 2329 Μ
794 2285 821 2330 et
838 2297 864 2331 ν.
936 2275 1166 2347 ἀπενηνεγμένας]
1188 2276 1256 2333 ἀπε-

217 2364 387 2430 νηγκαμένας
409 2365 443 2415 Φ.
521 2358 696 2431 διαλύσωμεν
723 2365 827 2415 ΨΩΦΜ
853 2372 879 2417 et
906 2383 932 2416 v.
976 2359 1151 2431 διανύσωμεν
1174 2370 1255 2430 ACV,

219 2450 296 2501 male.
331 2453 452 2502 Reitzius
477 2453 546 2504 Ιιοοο
569 2454 736 2518 comparavit
759 2453 1031 2518 '1·hucyt1.1v,118:
1058 2450 1093 2503 τά
1113 2448 1256 2521 ἀμφίλογα

219 2529 280 2607 δίκη
301 2531 463 2592 διαλύοντας
482 2532 547 2590 ἄνευ
564 2532 698 2605 πολέμου.
770 2531 796 2592 έτ
814 2540 898 2591 ΑΟΨ.
936 2531 975 2594 είς
993 2540 1047 2590 ΦΜ
1066 2546 1094 2591 et
1110 2558 1136 2590 v.
1208 2544 1255 2591 καί

218 2611 300 2674 αύται
317 2625 398 2676 ΩΦΜ
418 2632 446 2676 εἰ
462 2643 487 2676 v.
525 2628 572 2676 καλ
591 2621 673 2676 αύταλ
691 2626 748 2676 ΑΨ.
819 2623 857 2692 μὴ
876 2620 999 2676 παλαιὸν
1019 2628 1152 2678 ACPTV.
1190 2645 1254 2679 νεα·

217 2708 366 2776 ρύνΩΦΜ
386 2721 455 2765 etv.
527 2707 806 2778 ἀποκεκληρωμένοιε
823 2729 840 2764 a
858 2719 886 2765 et
903 2730 947 2779 pm
963 2715 999 2764 M.
1072 2707 1100 2764 δ’
1121 2709 1203 2781 ὅμως]
1224 2708 1254 2766 δέ

217 2793 291 2863 ὅμως
311 2800 368 2851 Ac.
440 2817 557 2866 persona
581 2808 643 2852 ante
669 2794 718 2854 δύο
741 2802 768 2851 in
792 2802 823 2851 Δ.
900 2796 938 2863 τῷ
956 2794 1038 2866 Σύρῳ
1058 2802 1081 2852 Τ
1100 2807 1170 2853 etv.
1205 2799 1255 2852 τὸν

1001 2904 1023 2936 ω
1104 2904 1125 2936 ω

217 2949 302 3023 σύρον
318 2954 389 3007 seua
414 2961 441 3007 ot
457 2973 501 3021 pm
522 2957 556 3015 Φ,
583 2957 630 3007 ubi
648 2962 799 3008 correctum
816 2953 854 3019 τῷ
874 2951 956 3020 σύρφ.
980 2952 1031 3005 τὸν
1049 2951 1134 3024 σύρον
1152 2951 1255 3022 (onmia

216 3042 271 3107 pm)
294 3045 326 3093 A.
362 3038 419 3092 τείν
446 3037 538 3110 σύρων
564 3045 595 3094 Ψ.
673 3060 788 3109 persona
815 3050 877 3094 ante
905 3036 1035 3110 διάλογος
1056 3046 1084 3094 in
1108 3048 1140 3095 A.
1214 3041 1253 3109 τῷ

218 3122 289 3192 αύτῷ
308 3130 331 3180 ’λ’
350 3135 377 3180 et
394 3146 419 3180 v.
455 3125 505 3179 τὸν
525 3124 610 3180 αὐτὸν
627 3129 699 3182 mla
718 3138 745 3181 et
762 3147 806 3196 pm
824 3130 858 3189 Φ,
879 3130 924 3180 ubi
944 3135 1094 3182 correctum
1112 3127 1150 3195 τῷ
1170 3126 1251 3197 αύτῷ.

242 3234 263 3265 ω
349 3233 370 3265 ω

215 3281 265 3335 τὸν
283 3280 369 3336 αύεδν
385 3287 490 3349 (omnia
506 3284 560 3352 pm)
580 3287 611 3338 A.
647 3282 704 3336 τάν
727 3280 818 3336 αύτῶν
840 3286 872 3335 Ψ.
944 3284 983 3341 τίς
1003 3278 1032 3335 δι’
1055 3285 1159 3338 ΨΩΦΜ
1179 3293 1205 3338 ελ
1223 3304 1249 3336 v.

214 3373 255 3427 τίς
273 3367 320 3422 δαὶ
338 3373 394 3423 ΑΟ.
467 3366 567 3422 κωλύει
577 3374 624 3426 Av
642 3379 670 3425 ελ
687 3374 800 3425 fortasse
814 3371 870 3424 ΨΩ.
907 3366 1024 3423 κωλύσει
1038 3373 1093 3424 ΦΜ
1112 3379 1138 3425 et
1156 3390 1181 3426 v.

957 3475 972 3508 ε

216 3521 278 3579 ι’δσύ
302 3546 345 3579 om
371 3529 403 3577 Ψ.
484 3524 651 3597 ὑπερορίους
684 3527 793 3580 ΨΩῩΜ.
836 3523 987 3595 ύπερορλατ
1016 3527 1118 3590 (omnia
1140 3526 1195 3595 pm)
1218 3530 1250 3580 Α.

214 3612 366 3683 ύπεροριάτ
383 3633 399 3663 v
418 3620 446 3665 et
463 3616 577 3667 sortasse
596 3617 631 3666 Φ.
703 3609 948 3681 ἀποκληρώσομεν
969 3617 998 3665 Ψ
1017 3617 1142 3682 idemque
1165 3616 1252 3665 voluit

214 3707 247 3766 A,
266 3706 292 3752 in
312 3718 364 3768 quo
384 3708 411 3752 et
430 3718 445 3752 ο
464 3703 543 3753 litora
561 3696 635 3768 (ante
652 3700 716 3768 μιν)
740 3704 767 3751 in
787 3717 880 3753 rasura
899 3708 940 3753 est
958 3709 1064 3769 etpost
1082 3695 1252 3752 δεδικάσθαι

214 3794 452 3856 interrogatur..at
469 3795 524 3839 tum
543 3806 591 3855 pro
611 3792 714 3841 ironico
740 3781 801 3839 ι’δσύ
824 3791 914 3854 potius
938 3791 965 3840 id
991 3791 1063 3855 quod
1086 3789 1251 3855 indignantis

216 3885 257 3929 est
279 3872 339 3926 εἶτα
363 3876 506 3928 dicendum
531 3882 597 3927 erat.
675 3870 748 3939 πλὴν
776 3868 845 3924 ἀλλά
871 3869 976 3942 κλήρου
1003 3876 1139 3927 ΑΨΦἸὟ.
1179 3870 1252 3940 πλήν

215 3958 375 4031 ἀποκλήρου
392 3963 445 4013 Ωλλ
466 3968 493 4014 et
512 3980 536 4011 ν.
608 3959 673 4016 τσύε
691 3956 798 4028 αύτούς]
818 3965 856 4013 ita
873 3968 947 4013 reete
971 3962 1033 4013 libri
1051 3979 1152 4014 omnes.
1188 3965 1250 4015 νίιλο

213 4054 283 4103 infra
301 4070 324 4103 ο.
344 4052 377 4104 33
396 4053 453 4102 init.
479 4056 506 4102 et
529 4068 552 4102 ο.
573 4050 606 4102 35
630 4052 686 4101 init.
758 4044 885 4117 ἑκατέρη]
910 4044 1031 4114 ἑκατέρῳ
1060 4051 1091 4100 Ψ.
1166 4044 1249 4122 φείδῃ

213 4210 270 4260 ΑΨ
289 4215 316 4260 et
339 4225 364 4259 ν.
402 4155 501 4274 φείδύίι
521 4208 552 4259 V.
591 4201 656 4276 φίλῃ
681 4224 705 4258 ο.
743 4199 808 4272 φίλη
833 4206 923 4258 ΩΦΜ.
960 4207 1023 4259 vide
1049 4207 1199 4258 Charonem
1220 4206 1248 4257 5:

214 4288 314 4361 φείδου
333 4291 370 4360 μή
390 4290 461 4345 κατά
478 4290 528 4343 τού
549 4287 704 4360 ὀλισθηροῦ
722 4294 830 4346 πατεῖν.
900 4290 932 4343 τὸ
952 4288 1204 4345 δικαστικὸνΑΨΦ
1222 4299 1250 4344 ετ

214 4399 260 4433 εστ
279 4399 304 4433 m
322 4382 348 4432 M
368 4388 396 4433 et
412 4398 438 4433 v.
473 4378 506 4432 τὸ
527 4373 708 4446 δικαστήριον
724 4381 750 4428 Ω
768 4387 795 4432 et
812 4398 844 4447 pr
861 4398 887 4432 m
905 4383 941 4433 M.

1006 4461 1042 4520 2*
