3066 5162
602 457 918 511 ΝεανοιιΑΝνιτιΑ.
1199 428 1272 509 167

239 625 302 714 τῆν
331 626 474 714 ἀπορίαν
501 627 654 708 πλείονα,
687 631 768 697 ὥστε
796 655 856 716 μοι
884 627 1017 719 τάχιστα
1045 627 1163 720 χρυσόν
1194 629 1277 696 ἀπί-

242 732 349 809 δειξαν
372 727 463 799 οὗτοι
490 730 551 799 τόν
571 740 637 800 τῶν
659 733 794 800 ἰδιωτῶν
813 733 899 820 βίον.
947 733 1059 820 ἀμέλει
1089 733 1107 801 ό
1129 739 1193 821 μὲν
1215 734 1276 801 αύ-

240 843 306 903 τῶν
327 834 468 925 παρῄνει
488 836 527 904 τό
549 845 620 905 πᾶν
641 838 785 923 ἥδεσθαι
807 838 861 904 καί
881 836 991 924 μόνον
1011 846 1110 906 τοῦτο
1135 844 1167 905 ἐν
1188 864 1276 906 παν-

240 937 297 1014 τός
325 942 490 1026 μετιέναι·
526 950 624 1009 τοῦτο
651 940 714 1031 γάρ
742 941 826 1009 είναι
855 940 894 1008 τό
923 941 1094 1028 εὔδαιμον.
1131 942 1208 1010 ὁδί
1228 969 1276 1019 τις

242 1046 394 1130 ἔμπαλιν,
427 1058 543 1112 πονεῖν
569 1043 610 1111 τά
639 1043 750 1113 πάντα
780 1048 834 1113 ναί
863 1054 1005 1136 μοχθεῖν
1031 1049 1085 1114 ναί
1111 1045 1150 1115 τύ
1181 1055 1276 1134 σῶμα

240 1148 494 1238 καταναγκάζειν
522 1153 675 1237 ῥυπῶντα
703 1151 758 1215 καλ
786 1149 961 1240 αύγμῶντα
983 1148 1037 1219 καί
1065 1158 1148 1220 πᾶσι
1175 1153 1277 1219 δυσα-

241 1261 420 1337 ρεστοῦντα
446 1255 501 1320 ιιαλ
528 1252 797 1340 λοιδορούμενον,
830 1257 957 1344 συνεχὲς
979 1255 1215 1344 ἐπιρραψῳδῶν
1236 1253 1277 1322 τά

241 1353 404 1442 πάνδημα
434 1362 539 1424 ἐκεῖνα
567 1365 626 1424 τοῦ
649 1355 811 1426 Ἡσιόδου
840 1359 915 1444 περί
942 1366 1002 1444 τῆς
1031 1356 1147 1445 ἀρετῆς
1169 1363 1190 1401 *
1212 1359 1276 1445 ίπη
1295 1374 1344 1426 ιεῖ

241 1460 295 1525 καί
316 1458 374 1527 τόν
398 1460 516 1547 ἱδρῶτα
546 1463 599 1528 καί
621 1459 684 1547 τάν
705 1463 759 1529 ἐπί
781 1460 820 1529 τό
844 1461 945 1548 ἀκρον
967 1460 1141 1550 ἀνάβασιν.
1183 1463 1278 1538 ἄλλος

242 1579 458 1652 καταφρονεῖν
502 1565 679 1656 χρημάτων
722 1565 952 1654 παρεκελεύετο
997 1567 1051 1633 ιιαλ
1096 1565 1279 1654 ἀδιάφορον

243 1670 375 1735 οίεσθαι
402 1668 465 1756 τήν
492 1678 607 1756 κτῆσιν
629 1670 754 1738 αύτῶν·
791 1670 809 1737 ό
834 1671 870 1737 δέ
895 1697 943 1747 τις
972 1669 1114 1757 ἔμπαλιν
1145 1671 1278 1761 ἀγαθόν

243 1769 326 1839 είναι
354 1775 407 1840 καί
436 1772 496 1841 τόν
518 1776 665 1842 πλοῦτον
690 1774 901 1862 ἀπεφαίνετο.
937 1775 1013 1862 περί
1038 1780 1104 1861 μὲν
1128 1774 1191 1866 γάρ
1217 1787 1276 1843 τοῦ

242 1874 370 1963 κόσμου
398 1878 430 1945 τί
460 1876 518 1969 χρὴ
548 1882 601 1945 ιιαί
629 1881 751 1969 λέγειν,·
785 1881 822 1954 iic
850 1906 887 1969 γε
917 1878 1005 1954 ίδίας
1033 1881 1087 1947 καί
1116 1879 1277 1968 ἀσώματα

243 1982 295 2047 καί
318 1979 464 2068 ἀτόμους
493 1984 547 2049 ιιαί
574 1982 650 2050 κενά
680 1985 735 2051 καί
761 1981 914 2052 τοιοῦτόν
934 2010 1009 2051 τινα
1033 1982 1128 2074 ὄχλον
1150 1984 1280 2072 ἀνομά-

242 2111 307 2151 των
337 2085 498 2173 ὁσημέραι
530 2087 605 2173 παρ’
642 2088 750 2155 αὐτῶν
780 2087 909 2155 ἀκούων
941 2091 1108 2156 ἐναυτίων.
1154 2091 1208 2155 καί
1240 2088 1279 2156 τό

243 2187 378 2257 πάντων
400 2191 626 2273 ἀτοπώτατον,
660 2194 710 2260 ὅτι
739 2194 814 2279 περί
842 2201 906 2260 τῶν
929 2193 1038 2260 αὐτῶν
1060 2192 1279 2261 ἐναντιώτατα

244 2302 376 2370 ἕκαστος
405 2296 505 2384 λέγων
527 2294 654 2391 σφόδρα
677 2303 830 2370 νικῶντας
851 2297 905 2362 καί
928 2299 949 2337 ⁴*
967 2295 1134 2373 πιθανούς
1163 2295 1279 2386 λόγους
1296 2315 1348 2367 462

244 2400 421 2485 ἐπορίζετο,
463 2403 544 2468 ῶοτε
581 2399 668 2487 μήτε
706 2409 750 2490 τῶ
790 2398 921 2487 θερμόν
953 2398 992 2467 τό
1026 2398 1107 2468 αὐτὸ
1139 2408 1279 2490 πρᾶγμα

243 2502 368 2591 λίγοντι
400 2502 487 2591 μήτε
518 2513 561 2594 τῷ
594 2505 721 2594 ψυχρόν
754 2502 927 2594 ἀντιλέγειν
960 2504 1061 2594 ἔχειν,
1103 2506 1157 2571 ναί
1189 2503 1276 2572 ταῦτ’

245 2604 355 2674 είδότα
390 2615 516 2695 σαφῶς,
559 2607 602 2684 ῶς
635 2607 694 2674 σύν
727 2607 767 2674 άν
800 2633 883 2675 ποτε
915 2606 1049 2695 θερμόν
1081 2611 1130 2694 εἴη
1162 2635 1194 2674 τι
1226 2610 1280 2675 καί

243 2710 367 2801 ψυχρόν
401 2717 435 2777 ἐν
468 2712 575 2799 ταύτῷ
611 2709 725 2801 χρόνῳ.
773 2711 910 2802 ἀτεχνῶς
943 2706 1004 2779 οὖν
1036 2711 1180 2802 ἔπασχον
1211 2726 1281 2788 τοῖς

243 2814 439 2896 νυστάζουσι
467 2814 596 2892 τούτοις
626 2818 743 2903 ὅμοιον
772 2816 844 2903 άρτι
873 2820 938 2901 μὲν
964 2814 1123 2883 ἐπινεύων
1144 2817 1216 2903 ἀρτι
1246 2816 1281 2882 δὲ

245 2917 415 2987 ἀνανεύων
442 2918 596 3007 ἔμπαλιν.
644 2921 674 2989 5,
712 2921 819 3009 πολλῷ
847 2919 883 2986 δὲ
914 2918 1041 2987 τούτων
1073 2924 1173 2987 ἐκεῖνο
1203 2918 1281 2985 ἀλο-

245 3084 407 3133 mutationes
426 3082 460 3133 ab
479 3097 550 3132 nexu
568 3083 761 3131 sententiarum
784 3082 878 3147 procul
897 3082 1050 3132 abhorrent.
1086 3086 1117 3131 ut
1135 3082 1204 3131 enim
1224 3080 1279 3132 dia·

245 3170 359 3219 lecticas
377 3169 521 3233 aliquando
541 3159 726 3233 σιδηρόξολον
744 3168 894 3219 defenderit
912 3170 1079 3234 eandemque
1097 3183 1153 3218 rom
1173 3173 1200 3217 et
1215 3166 1280 3217 esli-

246 3256 306 3306 (λεια
335 3262 361 3305 et
385 3256 508 3321 frigidam
534 3272 594 3306 esse
619 3256 728 3306 dixerit:
751 3262 780 3304 οῖ
803 3255 892 3305 nullus
916 3271 1033 3321 unquam
1058 3253 1233 3319 philosophus
1253 3255 1280 3303 in

246 3342 292 3392 tuli
312 3334 485 3408 σιδηροξύλῳ
502 3343 585 3391 τίεται
603 3344 694 3406 posuit
719 3342 826 3392 beatam
849 3357 937 3407 nequo
963 3343 1030 3391 dixit
1050 3341 1131 3390 finem
1149 3340 1280 3390 bonorum

246 3444 306 3479 εσσε
323 3435 352 3478 et
369 3430 467 3480 sectari
485 3429 592 3497 labotes
611 3434 638 3478 et
656 3429 765 3479 eosdem
784 3428 887 3493 sugere.
964 3425 1003 3492 τῷ
1021 3422 1141 3492 θερμὸν]
1160 3423 1192 3476 τὸ
1211 3424 1280 3493 θερ·

246 3510 301 3579 μὸν
319 3516 373 3567 cl..
444 3518 491 3565 καλ
509 3510 631 3566 faiis).
667 3517 714 3564 ιιαλ
731 3510 820 3564 ταῦτα
839 3512 888 3563 ΟΩ
906 3520 967 3565 etv.
1039 3512 1080 3576 είη
1099 3530 1128 3563 τι
1139 3514 1234 3564 BONG
1254 3520 1282 3564 et

246 3604 367 3653 fortassis
384 3599 417 3651 Ω.
455 3619 484 3652 τι
501 3600 543 3665 τίη
565 3603 591 3650 Φ
610 3608 637 3652 et
653 3618 679 3652 v.
748 3595 972 3660 ννοτάζοντινίλ.
1043 3594 1279 3653 τούτοιεετΗεια-

247 3689 379 3741 εῖειλιιιείο
398 3697 426 3741 st
439 3689 564 3740 Bskkero
582 3689 652 3738 male
671 3694 825 3753 suspectum
845 3688 878 3738 de
896 3687 1048 3737 hominibus
1066 3686 1180 3736 rebusve
1199 3686 1280 3750 vulgo

247 3778 318 3827 notis
336 3777 389 3827 dici
408 3777 496 3829 solere
515 3792 570 3826 non
588 3776 658 3839 fugit
674 3775 869 3837 Lemannum,
889 3773 967 3838 cujus
985 3773 1113 3837 exemplis
1132 3772 1201 3822 adde
1219 3773 1281 3823 Pis-

247 3869 336 3913 tonem
355 3880 379 3914 ε.
397 3864 439 3914 bis
463 3869 491 3914 et
507 3878 551 3928 ap,
569 3862 694 3912 Photium
717 3877 740 3910 s.
761 3854 875 3927 Φάλαγξ
897 3866 924 3910 οῖ
942 3876 985 3926 sp.
1004 3859 1139 3909 Hermiam
1159 3858 1194 3909 ad
1211 3858 1281 3909 Pisi,

246 3949 399 4000 Phaedrum
417 3967 444 4015 p.
464 3949 497 4000 90
517 3950 559 4000 ed.
577 3950 636 3999 Ast.

318 4038 342 4087 5.
377 4029 470 4100 πολλῶ
498 4029 529 4086 δὲ
554 4029 661 4085 τούτων
687 4028 776 4084 ε’νιεῗνο
805 4027 980 4100 ἀλογῶτερον
1007 4032 1090 4083 BOG.
1130 4024 1223 4095 πολλῶ
1250 4024 1281 4081 δέ

246 4116 354 4172 τούτων
370 4117 459 4172 εἰιείνο
477 4116 655 4189 γελοιότερον
672 4122 704 4172 N.
741 4116 783 4170 ἔτι
806 4113 837 4170 δὲ
859 4113 952 4184 πολλῶ
973 4113 1081 4170 τούτων
1102 4113 1192 4169 εἰιεῒνο
1216 4112 1280 4167 ἀτο·

246 4202 376 4275 νεώτερον
400 4209 435 4259 Φ.
472 4205 514 4258 ίτι
541 4202 572 4259 δὲ
594 4201 687 4270 πολλῷ
709 4202 794 4257 τούτο
821 4201 934 4257 ἐκείνων
958 4201 1139 4274 ἀτοπώτερον
1160 4203 1187 4254 Ω
1211 4210 1238 4255 ει
1254 4220 1280 4253 v.

245 4287 424 4361 γελοιότερον
441 4297 522 4346 etism
541 4295 646 4345 TUVY.
682 4300 834 4359 repugnant
850 4294 920 4344 haec
937 4294 1070 4359 prioribus
1088 4310 1112 4343 ο.
1131 4294 1160 4343 4:
1184 4292 1232 4339 καὶ
1248 4284 1281 4338 τὸ

246 4374 360 4431 πάντων
377 4374 568 4432 ἀτοπώτατον.
604 4379 631 4430 λι.
649 4376 668 4429 l.
686 4372 878 4445 γελοιότερον,
906 4396 976 4447 quse
999 4381 1133 4444 scriptura
1156 4377 1183 4425 id
1200 4374 1283 4426 habet
