3066 5162
588 433 903 486 αειιυοακαυοικ.
1189 404 1261 474 183

223 610 386 672 τοσοῦτον
417 600 596 671 ἀπολαίιων
627 612 687 671 τοῦ
721 603 918 691 μνήματος,
958 604 1034 692 παρ’
1070 606 1152 673 ὅσον
1165 630 1169 634 ’
1184 610 1262 694 ἐβα-

225 707 341 793 ράνετσ
380 711 572 794 τηλικοῦτον
611 708 715 798 ἄχθος
753 709 966 795 ἐπικείμενος.
1014 708 1149 778 ἐπειδάν
1184 710 1258 800 γάρ,

225 810 250 879 ἀ
284 822 405 900 ἑταῖρε,
443 811 461 879 ὃ
496 811 625 887 Αἰακὸς
658 812 875 903 ἀπομετρήσῃ
910 811 1031 902 ἑκάστῳ
1063 814 1123 882 τδν
1154 813 1262 882 τάπον

225 918 352 1000 (δίδωσι
380 917 415 983 δὲ
443 916 482 984 τό
508 920 662 1006 μέγιστον
693 916 733 984 οὐ
761 919 862 985 πλέον
882 917 1001 1003 ποδὸς)
1031 917 1155 1009 ἀνάγκη
1180 919 1261 1010 ἀγα-

224 1030 339 1089 πῶντα
376 1028 591 1088 κατακεῖσθαι
631 1019 715 1107 πρὸς
753 1020 791 1088 τὸ
830 1023 954 1109 μέτρον
987 1026 1258 1111 συνεσταλμένον.

224 1129 331 1217 πολλῷ
360 1126 392 1191 δ’
418 1128 458 1192 ἀν
488 1125 582 1212 οἶμαι
610 1127 738 1211 μᾶλλον
766 1127 935 1214 ἐγέλασας,
972 1131 1001 1192 εἰ
1028 1127 1157 1195 ἐθεάσω
1185 1126 1263 1204 τσδς

225 1231 300 1315 παρ’
335 1230 420 1317 ἡμῖν
450 1231 604 1317 βασιλέως
635 1232 689 1295 καί
723 1228 894 1316 σατράπας
925 1231 1152 1321 πτωχεύοντας
1184 1233 1259 1320 παρ’

225 1335 337 1409 αὐτοῖς
368 1336 422 1401 καί
453 1333 528 1419 η’τοι
559 1335 863 1424 ταριχοπωλοῦντας
902 1333 956 1401 ἀπ’
993 1336 1134 1424 ἀπορίας
1165 1337 1188 1423 ἢ
1220 1336 1261 1405 τά

224 1449 338 1525 πρώτα
361 1443 381 1480 ⁴*
404 1437 618 1512 διδάσκοντας
642 1436 826 1527 γράμματα
854 1440 908 1505 καί
937 1438 1004 1507 ὑπὸ
1026 1448 1085 1507 τοῦ
1108 1441 1263 1532 τυχόντος
1279 1457 1327 1510 481

223 1542 457 1630 ὑβριζομένους
485 1543 539 1608 καί
567 1540 650 1609 κατά
672 1540 791 1630 κόρρης
812 1544 1016 1630 παιομένους
1022 1596 1033 1625 ,
1065 1546 1174 1631 ὥσπερ
1196 1554 1262 1613 τῶν

225 1645 444 1734 ἀνδραπάδων
464 1644 506 1713 τά
529 1644 724 1733 ἀτιμότατα.
766 1647 933 1716 Φίλιππον
960 1657 1043 1738 γοῦν
1063 1647 1124 1717 τὸν
1145 1653 1260 1716 Μακε-
1316 1648 1320 1654 ’

225 1750 308 1819 δάνα
340 1750 400 1841 ἐγὼ
433 1749 646 1837 θεασάμενος
679 1751 756 1818 οὐδὲ
788 1765 914 1838 κρατεῖν
945 1759 1090 1839 ἐμαυτοῦ
1123 1753 1262 1831 δυνατὸς

224 1853 285 1941 ἦν·
322 1856 450 1946 ἐδείχθη
475 1856 510 1922 δέ
538 1881 599 1942 μοι
628 1860 664 1923 έν
683 1855 820 1945 γωνιδίω
841 1857 905 1923 τινί
927 1865 1055 1942 μισθοῦ
1079 1855 1262 1946 ἀκούμενος

223 1959 264 2027 τά
299 1959 411 2047 σαθρά
438 1968 504 2028 τῶν
536 1958 774 2046 ὑποδημάτων.
821 1959 964 2037 πολλοὺς
997 1961 1033 2029 δὲ
1064 1965 1117 2029 καί
1147 1962 1262 2038 ἀλλους

223 2061 266 2151 ἦν
297 2067 375 2133 ἰδεῖν
406 2071 441 2133 ἐν
468 2078 541 2141 ταῖς
572 2063 714 2151 τριόδοις
745 2072 1001 2150 μεταιτοῦντας,
1037 2068 1157 2153 Ξέρξας
1182 2069 1261 2156 λέγω

224 2171 277 2237 καί
299 2170 458 2257 Δαρείους
479 2171 533 2236 καί
555 2165 782 2254 Πολυκράτας.
823 2170 872 2235 18.
907 2170 1005 2237 (MA.
1031 2170 1141 2238 ἀτοπα
1165 2171 1261 2260 διηγῇ

224 2272 264 2340 τά
286 2277 445 2363 περὶτῶν
466 2275 626 2362 βασιλέων
647 2273 701 2338 καί
722 2266 851 2358 μικροῦ
871 2272 937 2339 δεῖν
961 2273 1095 2342 ἄπιστα.
1130 2275 1164 2342 τί
1184 2274 1220 2342 ’δὲ
1242 2275 1260 2340 ά

224 2378 398 2466 Σωκράτης
426 2379 567 2467 έπραττε
594 2378 647 2444 καί
676 2378 836 2466 Διογένης
864 2379 918 2444 καί
946 2380 1048 2454 εἴτις
1076 2377 1170 2453 ἀλλος
1196 2385 1263 2446 τάν

226 2492 356 2571 σοφῦνς
400 2485 524 2551 ΜΕΝ.
574 2481 592 2549 ὃ
625 2484 688 2568 μὲν
725 2478 900 2567 Σωκράτης
938 2481 1028 2549 κάκεῖ
1064 2483 1262 2572 περιέρχεται

225 2588 389 2680 διελέγχων
422 2590 593 2663 ἅπαντας·
638 2583 761 2654 σύνεισι
790 2585 820 2652 δ
853 2585 939 2675 αὐτῷ
968 2585 1180 2674 Παλαμήδης
1208 2589 1262 2654 καί

220 2690 401 2770 Ὀδυσσεδς
429 2693 483 2760 καί
505 2694 645 2778 Νέστωρ
675 2691 729 2757 καί
759 2692 792 2757 εἴ
815 2716 864 2766 τις
893 2690 987 2768 ἀλλος
1013 2689 1108 2767 λάλος
1136 2691 1257 2779 νεκρός.

224 2797 271 2865 έτι
297 2800 412 2884 μέντοι
440 2795 626 2885 ἐπεφῦσητο
651 2796 738 2884 αὐτῷ
768 2796 822 2863 καί
850 2794 997 2884 διῳδήκει
1026 2801 1061 2864 ἐκ
1089 2806 1148 2883 τῆς
1177 2822 1262 2885 φαρ·

185 2988 187 2992 ⁴
223 2902 433 2991 μακοποσίας
459 2900 500 2969 τά
530 2903 635 2987 σκέλη.
674 2898 751 2967 ὅδὲ
777 2900 941 2988 βέλτιστος
963 2903 1121 2990 Διογένης
1142 2927 1261 2988 παροι-

223 3020 273 3074 κεῖ
291 3012 357 3094 μὲν
367 3003 634 3095 Σαρδαναπάλλῳ
656 3011 700 3092 τῷ
720 3003 880 3093 Ἀσσυρίῳ
902 3006 956 3071 καί
978 3005 1072 3093 Μίδᾳ
1093 3012 1137 3094 τῷ
1161 3007 1261 3094 Φρυγί

224 3111 277 3176 καί
307 3110 413 3186 ἀλλοις
441 3111 505 3178 τισί
531 3117 595 3177 τῶν
623 3109 823 3176 πολυτελῶν·
850 3110 869 3149 *
893 3106 1019 3176 ἀκοάων
1043 3110 1078 3177 δὲ
1101 3107 1262 3197 σίμωζάν-
1279 3127 1331 3181 482

223 3239 290 3282 των
322 3214 430 3282 αὐτῶν
462 3216 516 3281 καί
553 3211 614 3297 τὴν
647 3211 795 3280 παλαιάν
826 3211 930 3304 τῦχην
963 3213 1262 3302 ἀναμετρουμένων

223 3321 299 3407 γελᾷ
327 3346 363 3387 τε
391 3320 445 3386 καί
476 3320 645 3404 τέρπεται,
680 3318 734 3384 καί
766 3316 808 3384 τά
838 3317 941 3384 πολλά
970 3320 1087 3394 ὕπτιος
1114 3318 1263 3385 κατακεί-

224 3448 327 3509 μενος
360 3423 430 3511 ζίδει
470 3422 561 3511 μάλα
594 3422 724 3513 τραχείᾳ
764 3423 817 3489 καί
851 3421 971 3509 ἀπηνεῖ
1003 3430 1045 3511 τῇ
1079 3428 1171 3512 φωνῇ
1203 3419 1263 3497 τάς

295 3676 336 3728 18.
371 3673 400 3725 τί
418 3665 653 3739 δέ]τίδαλΒΟθ.
726 3669 866 3741 Διογένης]
886 3668 901 3722 ὁ
922 3666 1094 3739 δισγένηεΩ.
1166 3665 1263 3735 σοφῶν

226 3759 369 3829 σοφιστῶν
386 3763 418 3814 G.
495 3760 674 3829 περιέρχεται
692 3761 715 3811 O
734 3766 806 3811 etv.
841 3759 964 3828 περίεισι
980 3760 1094 3809 mh.
1174 3753 1262 3806 ἀπαν-

224 3845 282 3915 ται]
300 3844 405 3904 πάντας
422 3850 457 3901 Φ.
530 3843 642 3913 σένειαι]
662 3840 771 3898 σύνεστι
788 3845 850 3898 ΩΜ.
923 3840 963 3913 δ’]
981 3840 1012 3897 δὲ
1033 3849 1064 3899 Β.
1135 3840 1262 3912 Νέστωρ]

226 3933 363 4005 ὁνέστωρ
383 3937 418 3989 Φ.
489 3931 647 4002 ἐπεφύσητο
657 3933 835 3986 ΒΟΕῩΩΦδ.
865 3928 1040 4000 έπεφάσσητσ
1058 3933 1116 3985 abe.
1189 3926 1262 3996 αὐτῷ

225 4022 278 4073 ΩΦ
296 4031 324 4076 οῖ
338 4025 534 4076 fortassisOet
550 4040 577 4087 v,
593 4022 642 4074 sed
656 4038 698 4074 om
709 4022 766 4073 BG.
846 4019 982 4091 παροικεῖ
998 4039 1023 4073 v.
1058 4018 1262 4089 παραοικεῖΟ.

227 4105 407 4180 συμπαρηίκει
423 4110 484 4161 ΩΦ.
522 4107 704 4177 σνμπαριρκεῖ
720 4107 752 4171 (θ)
771 4109 832 4160 ML.
908 4100 1129 4174 σαρδαναπάλλῳ
1148 4107 1195 4159 ΒΟ
1214 4102 1263 4171 (ita

227 4197 261 4259 Ο)
281 4205 308 4249 et
323 4199 446 4251 fortassis
463 4196 496 4249 Ω.
532 4189 746 4265 Σαρδαναπάλῳ
767 4196 792 4245 Φ
811 4201 878 4247 etv.
950 4189 1055 4262 ἀσνρῖω
1067 4195 1123 4246 OG.
1196 4187 1262 4243 ἀνα-

225 4281 430 4353 μετρουμένων]
450 4279 681 4353 ἀναμετρσῦντων
698 4284 772 4335 TRc.
843 4277 940 4336 ἀπτιαε
956 4275 1163 4348 κατακείμενοι]
1178 4296 1262 4330 κατα·

225 4369 351 4445 κείμενος
367 4366 464 4426 ἀπτισε
482 4372 529 4423 BO
547 4368 597 4438 (ita
616 4370 659 4435 Ολ,
677 4370 757 4421 male.
828 4365 973 4436 Διογένην]
993 4361 1103 4435 δισγλνη
1123 4366 1181 4419 ΒΦ.
