3086 5154
288 376 334 449 12
691 405 920 457 Λουκικωοο

287 575 492 665 σχετλιάζειςς
531 573 581 661 μη
612 574 729 642 δέδιθι.
774 573 881 641 οὐκέθ’
914 576 1018 661 ὅμοια
1047 576 1088 643 τά
1118 583 1154 643 ἐν
1174 586 1219 663 τῷ
1240 576 1318 664 βίῳ·

285 687 446 749 τεθνᾶσιν
467 686 581 746 ἐκεῖνοι
603 678 726 753 πάντες
748 683 780 745 οἱ
797 680 972 763 Σκείρωνος
994 680 1047 747 καί
1066 679 1323 767 Πιτυοκάμπται

217 804 270 858 8ῖο
287 787 341 854 καί
358 784 552 872 Βουσίριδες
572 784 628 849 καί
642 780 833 869 Φαλάριδες,
858 785 916 859 οὓς
938 788 959 826 ⁴*
981 783 1112 860 ἐδεδίεις
1132 782 1225 851 τότε·
1249 784 1323 852 νυνί

288 891 333 959 δέ*
347 890 446 976 σοφία
468 888 521 954 καί
539 884 744 973 Ἀκαδήμεια
766 887 819 952 καὶ
836 888 926 954 Στοά
948 889 1117 978 κατέχουσι
1138 887 1249 955 πάντα
1270 889 1323 953 καί

287 1000 457 1082 πανταχοῦ
481 1017 516 1059 σε
538 995 669 1076 ζητοῦσι
690 992 743 1057 καί
764 991 840 1077 περί
863 998 925 1058 σοῦ
947 990 1161 1081 διαλέγονται,
1187 990 1322 1081 κεχηνό-

286 1124 340 1175 τες
368 1100 399 1165 εἴ
424 1103 534 1163 ποθεν
563 1101 595 1170 ῖς
623 1092 745 1169 αὐτοῦς
772 1091 967 1183 καταπαύσῃ
990 1093 1099 1162 πάλιν.
1147 1097 1247 1162 AJK.
1284 1095 1325 1162 οι)

286 1209 367 1293 γοῦν
389 1225 460 1287 μοι,
486 1195 646 1284 άἙρμῆ,
670 1197 813 1282 τάληθές
835 1196 878 1264 άν
899 1200 1004 1275 εἴποις
1017 1196 1135 1285 μόνος,
1161 1202 1219 1267 άτε
1243 1224 1322 1268 ουν-

289 1304 332 1373 οίν
359 1305 472 1380 αὐτοῖς
497 1302 538 1370 τά
563 1300 667 1370 πολλά
691 1303 744 1368 καί
769 1301 1001 1388 συνδιατρίβων
1025 1307 1061 1370 ἔν
1078 1330 1114 1370 τε
1130 1303 1324 1393 γυμνασίοις

288 1412 341 1477 καί
364 1415 399 1477 έν
419 1418 461 1498 τῇ
485 1406 599 1497 ἀγορᾷ,
631 1406 698 1482 (καί
720 1404 876 1494 ἀγοραῖος
896 1404 958 1495 γάρ
989 1405 1021 1473 εἶ
1038 1408 1092 1473 καί
1123 1412 1159 1475 έν
1179 1421 1251 1484 ταῖς
1273 1413 1325 1474 ἐκ·

289 1506 432 1601 κλησίαις
454 1510 633 1597 κηρύττεις)
659 1509 770 1576 ὁποῖοι
790 1512 979 1599 γεγένηνται
999 1512 1053 1577 καί
1075 1516 1105 1578 εἰ
1126 1510 1248 1598 δυνατή
1265 1538 1326 1599 μοι

289 1618 363 1705 παρ’
389 1616 501 1692 αῦεοῖς
521 1614 543 1700 ἡ
566 1613 668 1701 μονή.
711 1615 826 1683 ΕΡΜ.
859 1611 901 1701 νὴ
925 1615 1002 1681 Δί’·
1027 1614 1176 1702 ἀδικοίην
1197 1614 1259 1705 γάρ
1283 1615 1323 1682 ἀν

289 1721 373 1807 πρός
395 1717 540 1806 ἀδελφήν
562 1744 599 1785 σε
621 1715 723 1785 οὖσαν
745 1715 795 1804 μη
817 1718 928 1807 λέγων.
962 1717 1021 1785 ούκ
1043 1718 1136 1808 ὀλίγα
1157 1719 1219 1808 γάρ
1242 1719 1326 1806 πρός

289 1834 349 1912 τῆς
369 1822 561 1910 φιλοσοφίας
584 1821 762 1907 ὠφέληνται
786 1827 817 1888 οῖ
839 1823 954 1890 πολλοί
976 1823 1102 1890 αὐτῶν·
1138 1824 1191 1891 καί
1212 1822 1274 1913 γάρ
1298 1829 1328 1890 εἰ

290 1928 398 2016 μηδὲν
421 1927 508 2005 ἀλλο,
542 1924 631 1992 αίδοῑ
656 1933 740 2014 γοῦν
760 1934 818 1991 τοῦ
844 1925 1010 2016 σχήματος
1031 1927 1231 2015 μετριώτερα
1254 1928 1326 1995 δια-

290 2028 507 2120 μαρτάνουσι.
549 2026 634 2115 πλην
668 2028 747 2095 ἀλλά
780 2030 834 2096 καί
862 2038 1048 2121 μοχθηροῖς
1079 2058 1163 2099 τισιν
1196 2030 1325 2118 έντεύξη

292 2136 412 2215 αάτῦν,
447 2131 518 2225 (χρὴ
541 2131 604 2223 γάρ
626 2132 721 2220 οἶμαι
746 2133 878 2219 τάληθῆ
908 2136 1023 2224 λέγειν)
1056 2135 1154 2212 ἐνίοις
1183 2135 1218 2203 δὲ
1246 2135 1326 2221 ἡμι-

293 2239 407 2327 σόφοις
438 2240 493 2306 καί
521 2236 731 2325 ἡμιφαύλοις.
780 2240 851 2305 ἐπεί
879 2237 941 2327 γάρ
971 2237 1092 2315 αύτούς
1121 2242 1327 2327 μετέβαπτεν

290 2344 312 2430 ἦ
338 2346 512 2431 φιλοσοφία
534 2343 786 2430 παραλαβοῦσα,
819 2341 938 2411 ὁπόσοι
965 2348 1030 2429 μέν
1051 2349 1083 2420 ές
1111 2342 1211 2430 κόρον
1233 2348 1327 2410 ἔπιον

289 2456 349 2535 τῆς
369 2450 491 2536 βαφῆς,
516 2446 649 2536 χρηστοί
666 2445 804 2534 ἀκριβοῦς
823 2447 1093 2533 ἀπετελέσθησαν
1111 2448 1238 2536 ἀμιγεῖς
1260 2447 1327 2514 ἐτέ-

291 2576 357 2640 ρων
384 2548 574 2641 χρωμάτων,
605 2552 659 2617 καί
688 2548 771 2636 πρός
791 2578 829 2640 γε
855 2549 918 2636 τὴν
947 2549 1009 2638 σὴν
1038 2551 1208 2641 όποδοχην
1236 2544 1327 2619 οὗτοι

292 2651 517 2741 ἑτοιμότατοι·
543 2654 615 2721 ὅσοι
638 2653 671 2720 δὲ
694 2652 762 2721 ὑπό
777 2663 836 2721 τοῦ
856 2653 959 2722 πάλαι
975 2655 1083 2742 ῥύπου
1099 2653 1148 2741 μὴ
1167 2662 1199 2732 ἐς
1215 2653 1327 2742 βάθος

291 2758 508 2846 παρεδέξαντο
528 2755 658 2825 ὁπόσον
675 2757 874 2826 δευσοποιὸν
891 2768 949 2827 τοῦ
970 2760 1158 2847 φαρμάκου,
1182 2766 1246 2825 τῶν
1263 2762 1328 2844 μὲν

292 2863 395 2931 ἀλλων
428 2862 599 2951 ἀμείνους,
636 2862 756 2937 ἀτελεῖς
789 2862 824 2930 δέ
852 2866 943 2951 ὅμως
970 2864 1024 2930 καί
1055 2861 1237 2951 μιξόλευκοι
1271 2862 1325 2926 καί

223 2989 271 3043 801
291 2969 535 3056 κατεστιγμένοι
563 2970 584 3008 ⁴*
613 2967 666 3032 καί
695 2966 903 3055 παρδαλωτοὶ
925 2965 988 3054 την
1008 2966 1119 3059 χρόαν.
1157 2967 1218 3035 είσί
1240 2965 1270 3032 δ’
1296 2971 1330 3030 οἳ

291 3072 345 3138 καί
374 3069 480 3155 μόνον
512 3067 702 3155 ψαύσαντες
735 3075 893 3140 ἔκτοσθεν
924 3079 983 3139 τοῦ
1013 3073 1148 3160 λέβητος
1177 3070 1261 3157 άκρφ
1282 3076 1326 3155 τῷ

293 3170 435 3261 δακτύλῳ
456 3173 510 3240 καί
532 3172 774 3264 ἐπιχρισάμενοι
794 3183 854 3261 τῆς
877 3174 1031 3265 ἀσβόλου,
1065 3181 1179 3251 ίκανῦς
1202 3177 1328 3241 οἴονται

292 3278 346 3345 καί
376 3271 466 3343 οὗτοι
494 3275 760 3366 μεταβεβάφθαι.
807 3281 860 3347 οολ
889 3282 1006 3366 μέντοι
1035 3280 1133 3366 δῆλον
1164 3280 1214 3344 ότι
1242 3275 1326 3363 μετά

225 3506 229 3515 ¹
293 3432 534 3505 φιλιτσφίατίλῖ.
571 3432 811 3506 πρατφιλοαεφίατ
829 3444 852 3492 Α
872 3440 921 3503 (ita
938 3440 981 3501 A).
1025 3437 1082 3509 πρό
1104 3435 1272 3507 φιλοσοφίας
1293 3441 1325 3488 Ψ.

294 3542 375 3593 quum
391 3520 464 3592 πρὸς
481 3541 496 3576 ε
514 3526 652 3590 superiore
672 3524 710 3585 (in
728 3528 817 3578 verbis
834 3523 907 3594 πρός
925 3521 1061 3594 ἀδελφήν)
1079 3535 1171 3579 natum
1189 3529 1237 3589 sit,
1263 3543 1325 3577 con·

288 3612 370 3678 jicio:
395 3606 445 3662 οόκ
462 3604 540 3677 όλίγα
562 3606 616 3677 γάρ
635 3604 697 3660 ὑπὸ
716 3609 815 3677 τῆτ-.
888 3608 1117 3681 διαμαρτάνουσι.
1154 3606 1227 3678 πλὴν
1249 3605 1326 3677 ἀλλὰ]

293 3691 539 3766 διαμαρτάνουσιν.
577 3691 646 3747 ἀλλὰ
663 3697 771 3752 ΩΦΜκ.
842 3695 973 3769 έπιῖγόρ
991 3700 1090 3753 ΩΦΜο
1108 3706 1178 3751 etv.
1216 3696 1257 3750 ἔτι
1273 3695 1326 3766 γάρ

292 3787 448 3839 AC‘I'TVY.
519 3779 536 3849 ἡ
557 3776 721 3850 φιλοσοφία]
739 3781 756 3850 ἡ
776 3786 863 3852 σοφία
881 3788 985 3839 Am
1003 3795 1031 3840 et
1048 3805 1073 3839 m
1091 3805 1122 3854 pr
1138 3788 1164 3838 Μ
1182 3786 1326 3852 (suprascr.

292 3866 505 3937 ἡφιλσοοφίκ).
575 3868 635 3935 μέν]
653 3869 705 3936 μέν
724 3860 774 3922 σάν
792 3875 825 3926 Δ.
898 3869 934 3942 ές]
953 3866 1035 3929 είςΦ.
1107 3868 1238 3940 ἀκριβῶς]
1248 3867 1326 3939 άκρι·

293 3955 416 4023 fldem.
487 3950 689 4027 παρεδέξαντο]
707 3952 944 4024 παραδίξαντοΨ.
980 3956 1188 4030 παραδέξαιντσ
1201 3961 1256 4012 ΑΟ.

292 4039 349 4095 τῶν
371 4041 423 4108 μὲν
446 4036 535 4093 ἄλλων
557 4046 617 4096 ΔΨ.
654 4044 711 4096 τῶν
735 4038 825 4096 ἀλλων
847 4047 928 4099 ΩΦΜ
953 4055 980 4100 et
996 4066 1022 4100 v.
1093 4052 1140 4099 καί
1160 4044 1258 4113 μόνον]
1280 4049 1327 4095 καῖ

292 4124 380 4195 μόνον
408 4132 440 4182 Ψ.
515 4125 658 4197 λ’κτσοθεν]
682 4127 790 4192 ἴξωθεν
816 4134 846 4184 Ψ.
895 4131 1012 4186 ἔκτοθεν
1036 4136 1189 4188 Diudorfius
1218 4135 1326 4200 ubique.

294 4212 420 4283 έπιγριο.]
431 4212 647 4283 ε’πιγρηκάμινοι
664 4236 689 4271 κ.
760 4223 807 4269 καῖ
826 4207 912 4287 οὗτοι]
924 4222 1030 4274 defendi
1049 4229 1140 4289 potest
1156 4237 1244 4286 neque
1259 4236 1327 4286 ορατ

294 4304 451 4370 conjectura
468 4321 528 4357 mea
545 4308 668 4371 pristina:
687 4308 734 4355 καί
751 4301 833 4356 οίίτω.
