3086 5154
295 425 338 482 vl

297 629 316 675 e
337 607 426 674 libris
448 608 537 673 RUY
558 606 730 673 adnotatae
751 612 833 673 sunt.
884 606 953 691 Ego
982 612 1087 672 autem
1099 607 1247 672 maxime
1269 608 1336 691 qui·

296 728 370 794 dem
397 727 579 823 Florentino
612 747 683 792 mco
723 746 799 792 usus
833 746 912 811 sum,
942 733 1007 792 tum
1036 727 1132 792 ctiam
1168 728 1336 793 collatione

295 848 432 914 Parisini
453 846 495 932 M,
517 867 579 932 quo
602 846 714 913 codem
736 846 846 913 codice
871 846 941 930 jam
969 846 1191 913 Bourdclotius
1219 848 1336 913 alicubi

296 988 372 1034 usus
408 988 478 1034 esse
510 968 681 1054 reperitur:
714 988 788 1033 nam
818 968 1018 1034 Monacensis
1053 965 1102 1044 Π,
1141 970 1268 1053 qualem
1302 968 1334 1032 in

297 1087 401 1154 Praei.
424 1088 440 1152 l
460 1110 493 1175 p.
515 1088 577 1153 VH
604 1107 675 1154 csse
704 1087 781 1165 dixi,
812 1088 885 1154 talis
913 1088 1054 1175 prolecto
1084 1095 1133 1154 est
1163 1088 1334 1155 codicillus.

296 1209 446 1274 Attamen
467 1208 501 1273 in
522 1216 612 1296 parte
634 1229 698 1274 non
721 1208 837 1294 exigua
857 1208 953 1291 hujus
975 1208 1074 1274 libelli
1097 1209 1137 1294 (c.
1161 1211 1181 1273 3
1203 1209 1270 1273 init.
1295 1243 1333 1256 -

300 1351 326 1396 c.
350 1332 370 1394 6
393 1327 474 1415 init.)
497 1328 566 1394 cod.
588 1329 785 1413 Bodlejanus
814 1349 898 1395 saco.
920 1329 952 1393 X
982 1328 1024 1395 ad
1052 1329 1162 1396 sordes
1185 1327 1336 1395 eluendas

301 1451 432 1515 multum
455 1449 532 1514 mihi
553 1450 679 1536 proluit.
732 1451 814 1515 Tum
841 1450 874 1514 in
904 1450 1076 1534 ,Eunucho‘
1106 1449 1232 1515 codices
1261 1470 1336 1514 nou-

297 1572 375 1636 nulli
404 1570 453 1635 bis
482 1576 569 1636 terve
598 1571 699 1636 obiter
727 1571 863 1658 inspecti
892 1577 974 1654 sunt,
1002 1571 1091 1637 velut
1111 1570 1246 1636 Parisini
1269 1570 1335 1656 CM,

298 1693 431 1757 collatus
471 1696 539 1756 erat
578 1711 659 1756 unus
698 1698 819 1757 tantum
852 1691 942 1775 isque
976 1693 1122 1776 egregius
1157 1692 1264 1757 codex
1296 1692 1337 1755 ab

298 1811 407 1878 Jensio
430 1817 462 1877 ct
477 1817 590 1897 postea
607 1811 648 1877 ab
659 1812 776 1878 Solano
792 1811 948 1878 interdum
968 1813 1137 1898 consultus,
1159 1811 1337 1878 Marcianus

297 1931 365 1997 sive
392 1931 564 1998 Wittianus
594 1932 657 2017 (Ε).
708 1934 878 1999 Praeterea
915 1952 975 2018 ego
1004 1933 1189 2017 diligentem
1218 1932 1336 1999 codicis

299 2053 361 2118 mei
391 2051 567 2118 Florentini
597 2053 796 2119 collationem
822 2055 982 2139 usurpavi.
1040 2054 1133 2119 Nunc
1161 2052 1204 2119 ad
1230 2053 1336 2118 Vitam

299 2172 507 2238 Demonactis
539 2178 571 2239 et
602 2172 645 2238 ad
677 2175 952 2260 loaromenippum
984 2181 1127 2259 transeo,
1174 2173 1271 2239 libros
1303 2173 1335 2237 in

297 2293 478 2359 universum
500 2294 599 2359 multo
621 2295 725 2360 minus
747 2314 841 2378 quam
863 2295 1006 2380 plerique
1034 2295 1089 2362 alii
1116 2301 1189 2361 sunt
1210 2313 1336 2379 corrup·

298 2420 356 2499 tos,
385 2413 505 2500 quippe
534 2413 568 2478 in
603 2413 718 2498 quibus
752 2435 855 2498 neque
882 2416 1000 2482 multae
1028 2434 1131 2498 neque
1166 2413 1336 2479 admodum

296 2553 412 2619 graves
433 2532 569 2598 mendae
583 2532 687 2600 adhuc
704 2535 835 2600 haerere
848 2534 1025 2601 videantur.
1069 2536 1106 2601 In
1123 2534 1335 2618 ‚Demonactc‘

297 2654 373 2720 olim
403 2671 533 2740 perraro
564 2653 597 2718 hi
627 2653 916 2741 codicesinspecti
946 2661 1031 2721 sunt:
1060 2654 1216 2739 TVRUY,
1239 2653 1336 2719 semel

297 2773 338 2859 (c.
361 2772 417 2861 50)
447 2772 607 2840 adhibitus
636 2774 809 2841 Vaticanus
838 2775 879 2853 Γ,
912 2776 1040 2862 saepius
1069 2782 1101 2842 et
1127 2774 1281 2860 aBelino
1304 2781 1336 2839 et

297 2894 506 2962 Boissouodio
518 2895 678 2962 consultus
689 2896 851 2963 Parisinus
865 2895 899 2981 Ο,
914 2896 996 2961 benc
1007 2896 1115 2963 collati
1125 2894 1166 2961 ab
1178 2894 1335 2961 Jacobitio

297 3015 360 3081 duo
382 3014 654 3100 vindobonenses,
683 3016 710 3079 B
733 3015 797 3102 (no.
830 3017 891 3080 123
923 3017 975 3100 qui
999 3016 1081 3082 hunc
1103 3016 1217 3082 librum
1239 3015 1335 3081 habet

297 3136 464 3221 integrum,
497 3134 554 3201 sed
586 3137 620 3200 in
652 3136 713 3202 hoc
745 3155 807 3201 uno
836 3136 916 3201 libro
939 3156 1036 3222 saepe
1062 3137 1163 3202 malas
1184 3137 1336 3202 lectiones

299 3257 450 3342 continet)
481 3261 512 3321 ct
540 3257 571 3320 K
607 3256 672 3343 (no.
709 3257 771 3322 165
804 3278 826 3323 a
855 3277 882 3321 c.
917 3260 938 3322 4
967 3258 1134 3342 ἐμέμνητο
1165 3257 1207 3323 ad
1236 3278 1263 3323 c.
1292 3258 1334 3321 53

295 3375 523 3462 Ἀθηναίους),
556 3378 672 3464 partim
701 3378 807 3444 collati
836 3379 877 3443 ab
908 3378 1019 3444 eodem
1049 3378 1206 3445 Jacobitio
1240 3378 1335 3443 ctiam

297 3500 326 3563 Α
349 3497 574 3585 (Gorlicensis)
596 3506 627 3564 et
648 3499 675 3563 F
694 3498 974 3585 (Guelferbytanus
995 3499 1105 3585 prior).
1149 3499 1217 3584 Ego
1241 3519 1335 3583 quum

297 3620 355 3687 hos
376 3621 464 3707 ipsos
486 3619 583 3686 libros
606 3620 663 3684 AF
684 3621 797 3686 iterum
818 3622 888 3707 ipsc
910 3620 1043 3705 excussi,
1065 3627 1131 3685 tum
1153 3619 1335 3686 Florentino

297 3763 368 3809 mco
387 3742 447 3828 (Φ)
469 3744 605 3826 primum
626 3763 703 3809 usus
725 3764 803 3809 sum.
847 3742 896 3807 Ex
917 3742 968 3807 bis
990 3741 1152 3808 codicibus
1168 3740 1334 3807 duodecim

296 3863 650 3931 RTVUYBKAcsoF
682 3863 786 3930 adbuc
826 3865 860 3928 bi
899 3864 1037 3947 quinque
1077 3864 1195 3950 optime
1228 3863 1335 3929 collati

298 3989 387 4050 sunt:
409 3982 565 4049 AuFBK.
609 3986 692 4051 Hinc
713 3985 853 4069 sequitur
874 3984 937 4050 duo
958 3984 1103 4071 inprimis
1119 3984 1229 4051 hosce:
1252 3983 1286 4049 Γ
1304 3990 1335 4049 ct

305 4105 466 4171 Omelius
496 4125 566 4171 esse
588 4106 802 4173 conferendos.
845 4104 909 4171 Sed
929 4105 1181 4191 ,lcaromcnippi‘
1210 4104 1336 4171 codices

299 4246 428 4292 numero
457 4225 602 4293 undecim
631 4228 698 4295 sive
731 4227 865 4312 inspecti
891 4233 964 4293 sunt
991 4227 1058 4293 sivo
1088 4226 1262 4311 comparati
1286 4225 1334 4290 hi:
