3066 5162
293 321 330 377 lv

289 493 319 555 in
348 490 474 555 Praelat.
505 510 534 574 p.
557 489 612 554 Xll
639 490 728 554 ullam
758 491 846 573 huius
876 489 988 554 codicis
1017 490 1197 574 scripturam
1227 490 1264 554 ab
1294 509 1329 555 se

288 612 532 696 praetermissam
555 629 627 676 esse
650 618 756 696 negat:
786 610 875 675 idad
904 612 1007 675 calami
1038 630 1170 692 errores,
1200 630 1328 694 quorum

290 734 340 797 vix
362 735 454 798 ullum
482 734 646 817 praeteriit,
677 739 819 815 spectare
849 733 977 812 videtur,
1006 733 1043 796 ad
1071 734 1217 797 lectiones
1246 734 1328 816 ipsas

289 873 349 917 non
371 855 461 937 plane
485 855 624 937 pertinet,
648 872 774 936 quarum
789 854 861 918 alias
876 854 1042 919 Jacobitius
1056 856 1328 938 omninopraeter-

288 976 376 1054 misit,
400 976 472 1038 alias
495 976 570 1039 salso
593 975 736 1039 enotavit.
773 973 914 1039 Ceterum
930 981 961 1039 et
984 975 1031 1039 alii
1046 975 1184 1039 fortassis
1199 981 1230 1039 et
1244 981 1328 1039 certe
1390 994 1392 997 ·

289 1098 330 1175 is,
373 1097 423 1179 qui
457 1115 556 1180 nuper
588 1096 668 1161 lrunc
702 1114 824 1178 quoque
858 1098 991 1161 codicem
1025 1103 1150 1161 strenue
1184 1097 1327 1174 versavit,
1366 1157 1373 1166 ,

287 1218 315 1283 J.
339 1217 613 1283 Sommerbrodtius
637 1194 744 1282 testari
763 1219 884 1300 poterit,
906 1234 968 1281 non
992 1217 1025 1283 (i.
1044 1218 1233 1296 lacebitium,
1255 1216 1327 1281 ulri-

288 1357 409 1420 cunque
431 1340 467 1403 ab
490 1358 528 1403 eo
552 1340 608 1403 alia
631 1340 729 1403 omnia
751 1345 922 1421 narrantur,
945 1339 1000 1404 sed
1022 1358 1070 1404 me
1085 1357 1178 1428 unum
1197 1337 1327 1403 audien·

288 1460 357 1524 durn
381 1478 461 1525 esse.

352 1582 467 1663 Codex,
490 1584 576 1666 cujus
593 1600 673 1646 nunc
686 1583 811 1665 primum
827 1582 972 1646 lectiones
995 1581 1129 1645 editurus
1151 1598 1229 1662 sum,
1253 1581 1326 1645 Flo-

286 1705 423 1766 rentinus
433 1703 504 1783 (Φ)
516 1721 595 1767 saec.
605 1704 672 1767 Xlll
686 1705 931 1770 membranaceus
943 1704 1056 1767 scholia
1069 1704 1159 1767 labet
1170 1702 1326 1767 admodum

287 1844 364 1902 rara,
388 1845 467 1907 quae
490 1825 527 1888 ab
550 1826 637 1888 editis
659 1844 720 1887 non
743 1826 835 1910 longe
857 1826 1025 1904 discedunt,
1047 1826 1205 1888 maximam
1229 1831 1326 1887 tamen

286 1965 413 2029 operum
437 1947 653 2010 Lucianeorum
683 1952 797 2029 partem
821 1947 1039 2029 complectitur.
1085 1946 1206 2010 Abeunt
1228 1945 1266 2008 ab
1287 1963 1326 2007 eo

244 2144 247 2149 Α
287 2075 408 2151 praeter
429 2067 648 2153 Epigrammata
670 2068 735 2131 libri
758 2067 866 2146 XXVI,
890 2087 928 2131 ex
951 2068 997 2131 his
1013 2068 1081 2132 Xlll
1103 2068 1227 2151 genuini
1248 2066 1325 2142 (Pi-

286 2208 367 2270 mon,
396 2191 506 2275 dialogi
536 2197 567 2254 et
596 2190 721 2253 deorum
751 2196 782 2252 et
811 2190 916 2252 manni
944 2195 976 2252 et
998 2191 1167 2268 meretricii,
1195 2188 1324 2265 Charon,

286 2310 331 2373 De
347 2310 517 2392 sacrificiis,
541 2311 753 2390 Hermotimus,
775 2309 894 2392 tupiter·
908 2317 940 2373 et
954 2308 1126 2374 contutatus
1144 2317 1175 2373 ct
1197 2316 1324 2393 tragoe-

287 2433 354 2511 dus,
376 2432 530 2496 rhetorum
554 2437 744 2514 praeceptor,
773 2430 811 2493 de
841 2435 938 2492 morte
960 2430 1126 2513 Peregrini,
1156 2429 1325 2494 Saturnalia

286 2559 317 2615 et
339 2554 540 2631 convivium),
563 2552 602 2614 lll
624 2552 717 2634 vulgo
732 2558 815 2614 recte
838 2551 973 2632 suspecti
996 2550 1186 2629 (Abdicatus,
1209 2548 1247 2613 de
1269 2551 1325 2613 dea

287 2673 375 2756 Syria
398 2680 429 2736 et
451 2672 643 2751 soloecista)‚
666 2670 693 2735 ll
716 2673 784 2735 mihi
807 2673 876 2735 item
900 2673 1034 2755 suspecti
1064 2670 1269 2753 (tyrannicida
1293 2672 1324 2732 et

285 2796 422 2879 fugitivi]
460 2794 589 2876 denique
619 2792 685 2855 vlll
715 2799 799 2855 certo
829 2794 987 2857 adulterini
1017 2794 1182 2870 (Amores,
1211 2792 1324 2870 asinus,

285 2917 429 2998 cynicus,
460 2894 673 2992 Charidemus,
701 2914 802 2994 Nero,
832 2914 1112 2998 tragodopodagra,
1147 2886 1264 2996 ocypus
1294 2918 1326 2976 et

285 3036 491 3120 philopatris).
535 3036 600 3099 Etsi
631 3043 729 3099 autem
759 3036 901 3118 princeps
932 3035 1023 3098 editio
1051 3055 1077 3098 a.
1103 3033 1187 3098 tatto
1211 3042 1264 3113 (a)
1294 3036 1325 3096 in

285 3160 459 3222 universum
490 3159 608 3220 minime
631 3176 671 3220 ex
692 3157 751 3219 hoc
773 3156 890 3233 codice,
921 3156 975 3219 sed
998 3175 1036 3219 ex
1065 3157 1215 3220 deteriore
1236 3173 1323 3218 ema·
1437 3218 1447 3227 ,

285 3281 383 3341 namt:
420 3286 519 3343 tamen
541 3278 734 3341 Florentinus
764 3278 862 3341 editor
892 3277 1040 3341 interdurn
1073 3285 1210 3342 nostrum
1241 3294 1323 3358 qno-

285 3421 345 3483 que
368 3401 501 3464 codicem
532 3420 567 3463 ea
597 3400 661 3463 fere
693 3399 876 3482 negligentia
909 3416 1076 3481 usurpasse
1107 3400 1235 3477 videtur,
1266 3416 1324 3480 qua

286 3523 324 3584 Α.
344 3522 509 3584 Francinus
531 3522 561 3584 in
585 3520 694 3602 Vespis
718 3528 749 3584 ct
770 3521 848 3583 Pace
873 3519 1083 3603 Aristophanis
1108 3521 1323 3585 Rauennatem.

286 3642 429 3706 Codicum
455 3642 594 3721 Luciam,
631 3642 681 3723 qui
712 3641 844 3723 scriptor
867 3643 929 3723 jam
958 3641 1172 3706 tva-circiter
1200 3640 1323 3704 saeculo

286 3764 323 3825 ab
346 3768 521 3826 correctore
551 3768 582 3825 et
610 3763 738 3825 atticista
768 3763 910 3826 audacter
938 3765 1107 3828 recensitus
1129 3768 1186 3843 est,
1215 3761 1322 3845 partlm

286 3883 364 3946 hanc
394 3883 605 3946 recensionem
637 3901 698 3946 non
729 3885 826 3947 secuti
862 3903 959 3967 paene
988 3903 1004 3947 a
1034 3884 1226 3967 glossematis
1254 3881 1322 3966 pun'

286 4009 374 4082 sunt,
409 4004 515 4085 partim
549 4005 728 4086 saepissime
761 4005 947 4089 interpolati,
982 4006 1087 4088 partim
1121 4024 1160 4068 ex
1193 4011 1323 4085 utroque

286 4143 401 4207 genere
434 4126 595 4188 commixti.
648 4128 746 4190 Paene
779 4144 874 4210 purus
907 4134 954 4190 est
984 4126 1181 4206 Gorliceusis,
1215 4124 1263 4187 uel
1292 4126 1321 4186 in

287 4246 423 4311 Parasito
446 4247 495 4310 ille
525 4253 577 4324 (ut
600 4248 657 4312 hoe
679 4254 776 4329 utar),
805 4249 835 4311 in
859 4268 919 4331 quo
942 4248 1082 4312 Marciani
1111 4248 1190 4311 tertii
1218 4247 1321 4329 scrip-

286 4373 371 4429 turae
393 4366 485 4451 longe
509 4376 674 4452 praestant,
697 4388 791 4452 saepe
814 4370 952 4447 vitiosus,
980 4371 1035 4433 sed
1057 4388 1096 4432 ne
1118 4376 1180 4432 tum
1203 4356 1323 4451 quidem

286 4490 342 4551 nisi
369 4507 440 4553 raro
470 4490 677 4574 interpolatus.
729 4491 787 4557 Sed
814 4486 1005 4555 Florentinus
1036 4490 1171 4555 Parisino
1199 4492 1242 4571 ei,
1273 4492 1322 4574 qui
