3066 5162
272 408 344 481 166
675 438 902 491 Αονιττιτιον

269 607 358 685 ἔδοξέ
395 632 456 695 μοι
495 605 637 676 ἐλθόντα
669 606 760 695 παρά
792 606 871 684 τοὺς
908 609 1130 695 καλουμένους
1167 608 1307 686 τοτ’ντους

269 710 469 800 φιλοσόφους
498 712 666 803 ἐγχειρίσαι
694 738 730 781 τε
756 710 900 799 ἐμαυτὸν
922 713 977 779 soi
1005 712 1169 798 δεηθῆναι
1198 713 1307 782 αὐτῶν

268 816 414 906 χρῆσθαί
440 842 501 904 μοι
530 818 602 884 ὅτι
629 814 801 904 βούλοιντο
831 816 887 883 ssi
913 842 988 883 τινα
1017 814 1098 884 ὁδῶν
1120 816 1230 904 ἁπλῆν
1251 819 1306 884 καὶ

268 922 406 1007 βέβαιον
441 918 608 996 ὑποδεῖξαι
641 927 702 987 τοῦ
734 919 821 1006 βίον.
864 927 970 987 ταῦτα
1002 924 1065 1007 μὲν
1099 919 1139 1006 δὴ
1174 929 1306 1008 φρονῶν

270 1022 429 1113 προσῄειν
452 1022 579 1102 αὐτοῖς,
611 1021 778 1108 ἐλελήθειν
799 1023 830 1090 δ’
856 1022 1001 1110 ἐμαυτὸν
1024 1029 1056 1100 ἐς
1086 1022 1178 1105 αὐτὸ,
1210 1027 1303 1112 φασὶ,

202 1145 252 1199 λου
269 1125 308 1195 «ιδ
337 1134 404 1213 πῦρ
434 1133 467 1193 ts
495 1136 556 1194 τοῦ
584 1135 712 1194 καπνοῦ
741 1132 762 1168 ⁴*
791 1124 998 1215 βιαζόμενος.
1045 1126 1136 1214 παρὰ
1167 1127 1230 1218 γάρ
1263 1126 1304 1214 δὴ

270 1228 400 1307 τούτοις
431 1228 574 1317 μάλιστα
605 1233 752 1317 εὕρισκον
781 1236 969 1300 ἐπισκοπῶν
995 1229 1059 1318 τήν
1086 1232 1224 1321 ἄγνοιαν
1252 1233 1306 1299 καὶ

270 1429 410 1495 probat-um
426 1433 475 1480 ost.
547 1414 628 1478 ositos
643 1423 693 1478 τὸν
709 1425 766 1478 τῶν
784 1419 904 1479 ἰδιωτῶν
921 1424 993 1495 βίον]
1013 1415 1093 1479 οὗτοι
1110 1424 1167 1478 τῶν
1186 1420 1306 1479 ἰδιωτῶν

270 1512 371 1567 τοῦτον
387 1510 437 1565 τὸν
454 1513 518 1583 βίον
536 1515 571 1563 Φ.
648 1511 800 1580 ῥυντντῶντα
820 1518 852 1568 Ο.
930 1508 1139 1583 ἐπιρραψῳδῶν
1155 1511 1201 1581 τά]
1221 1510 1305 1583 ἐρρα-

270 1596 421 1671 φφδοῶντα
431 1604 462 1654 1..
500 1595 687 1671 ε’ρραψῶδουν
704 1597 738 1651 τά
755 1602 789 1650 Φ.
820 1596 1033 1670 ἐ..ραφωδοι..
1052 1599 1087 1654 τά
1106 1600 1179 1665 (cum
1198 1602 1303 1663 rasura)

270 1690 303 1740 Ω.
374 1686 424 1740 τοῦ
438 1683 668 1756 ἩσιόδουῙἜργ.
688 1706 714 1740 τ.
730 1690 782 1744 287
801 1706 858 1756 seq.
929 1683 1101 1757 ἀδιάφορον]
1120 1683 1262 1757 διάφορον
1279 1708 1304 1741 a.

341 1774 355 1827 ὃ
376 1770 407 1827 δέ
423 1794 465 1831 τις
483 1771 601 1841 ἔμπαλιν
618 1777 725 1828 BOGN.
762 1772 777 1827 ὁ
797 1769 829 1827 δέ
845 1792 887 1830 τις
904 1764 939 1827 αδ
956 1770 1041 1827 πάλιν
1057 1775 1110 1825 ΩΦ
1125 1784 1186 1829 str.
1256 1774 1307 1828 τὸν

270 1858 392 1916 πλοῦτον
409 1865 482 1915 BOG
502 1868 529 1914 et
547 1865 584 1914 ita
602 1864 717 1914 Bckksr.
736 1859 787 1913 τὸν
803 1857 925 1915 πλοῦτον
943 1859 1028 1916 αὐτὸν
1036 1862 1089 1913 ΩΦ
1107 1870 1135 1916 st
1143 1881 1168 1915 v.
1240 1858 1305 1914 άτά·

270 1947 347 2017 μοστ]
367 1945 517 2018 ἀγομένους
534 1951 631 2001 lomina
649 1951 745 2002 scholii
757 1952 909 2003 Graeviani.
981 1947 1226 2001 ἐναυτίωνΒΩΦΜ
1245 1967 1306 2001 cum

271 2037 483 2089 Hcmstorhusio.
520 2030 652 2087 ἐναντίων
673 2055 698 2089 τ.
736 2039 827 2104 paullo
851 2044 912 2105 post
934 2056 982 2104 pro
1011 2032 1218 2089 ἐναντιωτάτων
1244 2038 1306 2088 libri

271 2126 376 2190 aliquot
393 2124 494 2177 habant
512 2118 652 2184 ἐναντίων,
673 2125 746 2191 quod
765 2142 797 2176 ετ
815 2128 936 2192 margine
955 2129 981 2177 in
1000 2127 1090 2177 aliena
1106 2125 1171 2176 sads
1190 2126 1305 2189 positum

271 2228 326 2262 non
343 2212 408 2263 iiiuc
424 2212 474 2265 ssd
493 2212 528 2262 ad
545 2212 635 2263 locum
653 2214 770 2277 pertinet
787 2220 922 2277 nostrum,
949 2219 979 2264 ut
1003 2213 1058 2263 iilic
1083 2206 1214 2262 ἐναντίων
1236 2211 1305 2261 mals

272 2317 288 2350 a
306 2299 431 2351 Bokkoro
449 2304 588 2364 receptum
606 2301 655 2363 sit,
683 2302 728 2366 qui
746 2302 788 2351 vir
809 2301 845 2351 sd
862 2302 929 2353 talis
950 2316 1044 2365 parum
1062 2299 1132 2350 solet
1149 2298 1304 2349 adtendere.

350 2388 397 2435 sat
419 2381 451 2437 τὸ
475 2379 588 2435 πάντων
611 2378 793 2438 άτοπῶτατον
815 2387 913 2439 BOVG
938 2392 966 2439 st
988 2388 1109 2439 fortassis
1132 2384 1166 2436 Ω.
1202 2387 1248 2433 sat
1271 2379 1304 2433 τὸ

270 2467 383 2523 πάντων
401 2465 501 2523 δεινῶν
519 2467 701 2524 άτοπῶτατον
719 2474 746 2522 Φ
764 2481 791 2526 ct
807 2491 833 2525 r.
871 2467 972 2524 δεινῶν
995 2474 1152 2525 mendosum
1176 2488 1235 2523 esss
1257 2487 1306 2535 per

271 2576 301 2610 ss
328 2560 453 2612 viderunt
476 2565 503 2611 st
526 2560 745 2613 Hsmstsrhusins
769 2567 796 2611 ot
819 2560 900 2626 (pons
924 2563 1038 2612 Porsoni
1062 2560 1174 2611 Adrers.
1198 2575 1225 2624 p.
1242 2556 1304 2618 289)

270 2715 424 2779 Jacobsius,
444 2717 490 2782 qni
508 2717 644 2782 vulgatam
664 2734 712 2782 pro
723 2717 905 2783 dittographia
919 2716 1025 2767 habuit:
1040 2638 1235 2766 iruiiorowr.

272 2795 316 2854 ὅτι
332 2799 408 2868 περὶ]
425 2804 493 2871 περὶ
510 2799 562 2867 μὲν
577 2798 630 2870 γάρ
648 2802 843 2865 varnasona,
867 2819 958 2854 erroro
977 2805 1016 2865 (ut
1033 2803 1102 2853 bone
1121 2800 1305 2861 Lehmannas)

272 2896 330 2943 orto
350 2907 364 2941 s
382 2891 581 2955 superioribus:
605 2892 672 2956 aspi
688 2885 809 2955 μὲνγὰρ
828 2885 878 2939 τοῦ
896 2884 1002 2954 κόσμου
1021 2917 1063 2940 -.
1139 2885 1196 2938 τῶν
1214 2881 1306 2937 αὐτῶν

271 2971 458 3027 ἐναντιῶτατα
475 2972 590 3031 ἕκαστος
607 2971 701 3044 λέγων]
721 2979 759 3028 ita
776 2978 890 3028 corrasi.
922 2972 979 3026 τῶν
998 2971 1130 3026 ἐναντίων
1148 2968 1241 3024 αὐτῶν
1258 2967 1303 3022 λό-

270 3079 326 3129 γων
344 3063 452 3125 (omisso
472 3058 596 3125 ἕκαστος)
616 3063 639 3114 0
658 3065 706 3125 iiia
724 3062 769 3125 Ο).
807 3069 834 3115 ot
856 3057 988 3114 ἐναντίων
1006 3062 1065 3130 (pro
1088 3055 1304 3121 ἐναντιωτάτων)

272 3154 351 3201 ctiam
371 3150 453 3213 TBG,
472 3148 516 3212 (de
536 3166 589 3216 qno
607 3166 689 3215 supra
708 3151 761 3202 dixi
780 3151 815 3202 ad
833 3167 858 3202 v.
878 3145 1030 3211 ἐναυτίων).
1065 3144 1122 3198 τῶν
1139 3142 1304 3198 ἓναντιωτά·

270 3252 327 3285 των
344 3230 459 3290 ἕκαστος
476 3230 569 3285 αὐτῶν
586 3230 671 3302 λέγων
687 3237 741 3286 ΩΦ
751 3244 779 3290 at
787 3255 813 3300 r,
832 3239 904 3304 qnod
923 3238 1069 3289 absurdum
1087 3243 1137 3287 ost.
1167 3252 1227 3286 nam
1245 3235 1304 3300 phi-

271 3323 377 3387 losophi
395 3323 429 3375 ab
448 3324 575 3389 Menippo
599 3327 714 3376 consulti
737 3342 791 3377 non
811 3327 844 3377 da
866 3326 947 3377 robus
965 3326 1079 3376 maxims
1098 3324 1238 3374 contrariis
1257 3323 1305 3373 ssd

272 3411 306 3461 ds
325 3410 426 3460 eisdam
444 3411 628 3461 rcbasomnss
643 3412 834 3474 disseruerant,
851 3418 908 3462 tum
927 3413 960 3463 do
978 3412 1035 3462 vita
1052 3412 1133 3461 beata
1150 3415 1204 3458 tum
1224 3410 1305 3459 stiam

272 3497 305 3547 do
324 3512 412 3548 rerum
431 3503 540 3560 natura,
563 3499 612 3549 ssd
630 3498 663 3548 de
681 3501 722 3552 his
746 3502 810 3565 ipsis
834 3500 914 3550 robus
938 3515 993 3550 non
1016 3514 1098 3548 unum
1120 3496 1169 3546 scd
1190 3497 1305 3547 maxims

272 3585 407 3636 contraris
417 3584 601 3637 defenderant.
628 3591 737 3636 nostras
747 3588 908 3638 correctioni
918 3586 1106 3651 otAugustani
1116 3582 1162 3644 (Ο)
1173 3584 1306 3647 scriptura

271 3672 344 3724 favet
362 3679 389 3724 et
408 3674 528 3737 inprimis
546 3672 630 3723 verba
646 3673 738 3738 paullo
757 3675 897 3726 interiora:
916 3668 948 3722 τὸ
969 3666 1036 3723 αὐτὸ
1055 3667 1171 3737 πρᾶγμα
1188 3664 1304 3737 λέγοντι.
1329 3726 1331 3729 ,

271 3761 351 3811 simili
370 3760 449 3811 modo
464 3759 567 3824 jamin
587 3762 709 3823 Quaerit.
728 3762 759 3812 L.
778 3778 804 3827 p.
825 3761 874 3814 129
898 3761 1070 3825 conjeceram
1088 3758 1178 3811 adlato
1196 3762 1306 3823 praetor

271 3848 339 3899 alios
364 3848 424 3899 loco
449 3850 557 3912 gemino
583 3865 614 3899 ox
639 3849 789 3902 Icaromsn.
808 3849 824 3908 θ
843 3851 858 3899 5
877 3849 927 3899 fin:
955 3842 987 3897 οὐ
1011 3843 1047 3897 τά
1071 3840 1142 3897 αὐτὰ
1164 3849 1231 3911 περὶ
1249 3840 1306 3895 τῶν

271 3928 364 3984 αὐτῶν
390 3928 535 3995 ἐδόξαζον.
571 3951 663 3985 rernm
689 3936 808 3986 Cobotus
831 3936 859 3984 in
883 3936 915 3986 V.
942 3936 972 3985 L.
997 3950 1022 3998 p.
1049 3933 1099 3985 144
1124 3936 1238 3985 servatis
1261 3934 1304 3985 hic

271 4022 375 4072 mendis
397 4022 537 4087 vulgatas:
564 4024 631 4087 περὶ
653 4017 710 4070 τῶν
733 4015 940 4073 ἐναντιωτάτων
962 4017 1076 4074 ἕκαστον
1100 4016 1192 4070 αὐτῶν
1219 4015 1305 4087 λέγων

271 4108 361 4173 paullo
388 4113 450 4173 post
474 4108 559 4158 sorba
585 4108 727 4158 sanissima
754 4109 898 4175 adgressus
925 4109 986 4160 luce
1018 4110 1115 4161 clarius
1147 4125 1206 4159 osse
1240 4109 1306 4160 dicit

271 4196 420 4245 Lucianurn
444 4195 471 4244 in
495 4194 567 4245 hunc
591 4193 698 4244 modum
722 4198 874 4261 scripsisse:
901 4188 974 4261 μηδὲ
996 4192 1035 4260 τῷ
1055 4192 1167 4262 θερμὸν
1183 4192 1216 4246 τὸ
1235 4190 1303 4247 αὐτὸ
1396 4244 1403 4260 ,

270 4277 386 4347 πρᾶγμα
403 4275 510 4349 λέγοντι
527 4284 574 4330 unt
597 4277 705 4346 ψυχρὸν
728 4275 877 4349 ἀντιλέγειν
895 4279 966 4348 ἔχειν
983 4300 1104 4349 suosque
1129 4283 1303 4348 conjecturas

270 4370 450 4423 subventuros
476 4375 566 4436 sporat
591 4369 766 4435 philosophos
791 4378 819 4422 et
842 4372 1000 4423 dialecticos
1023 4373 1153 4423 saniores.
1189 4378 1218 4423 at
1235 4373 1304 4423 istas
