3050 5160
1254 328 1308 387 vn

265 483 403 569 optimus
425 502 497 549 esse
517 478 643 549 videtur
664 483 702 567 ia,
725 481 779 565 qui
799 480 841 547 ab
861 480 980 548 Solane
1002 482 1085 548 bene
1106 490 1307 570 comparatus

267 611 315 671 est
348 602 576 688 „Osoniensis“
606 603 675 689 (D),
711 601 768 679 aad
801 602 980 688 proximum
1012 605 1117 671 looum
1150 613 1307 693 oooupant

266 723 499 811 „Gorlioensis“
521 724 588 810 (Α),
611 724 665 807 qui
686 725 728 790 ab
746 743 798 789 me
815 725 950 808 aliisque
972 744 1122 792 exeussus
1145 733 1194 793 est
1210 734 1306 812 atque

265 846 429 913 Parisinus
455 846 542 912 2955
569 845 635 932 (A)
670 844 758 931 apud
784 845 941 911 Belinum.
993 846 1076 912 Tum
1104 844 1146 913 ad
1174 848 1305 914 alteram

264 968 417 1034 familiam
446 966 607 1053 pertinent
633 967 778 1053 inprimis
807 965 909 1033 oodex
935 966 1115 1034 Marcianus
1137 970 1203 1034 434
1228 967 1305 1053 (Ω),

264 1090 357 1175 uujus
388 1090 598 1157 conlationem
631 1086 898 1156 Summerbmdtio
938 1096 1103 1174 aooeptam
1139 1088 1240 1156 relero
1274 1096 1306 1156 et

264 1211 428 1278 Parisinus
455 1212 542 1279 2954
571 1210 631 1296 (M)
658 1209 745 1296 apud
774 1210 929 1295 Belinum,
970 1211 1024 1294 qni
1058 1230 1130 1276 eum
1166 1211 1305 1297 inspexit

267 1334 370 1419 magis
392 1352 487 1417 quam
509 1332 649 1400 contulit.
698 1331 813 1398 Rarius
834 1331 930 1397 eliam
952 1331 1104 1399 lectiones
1125 1331 1307 1399 adferuntur

265 1475 284 1520 e
312 1454 525 1521 oonleotaneis
554 1453 647 1520 Galei
669 1455 738 1539 (X),
771 1452 919 1539 Longolii
941 1452 1000 1537 (U)
1032 1460 1064 1520 et
1093 1473 1133 1518 ex
1162 1454 1305 1540 margine

261 1576 400 1653 Aldinae
428 1577 496 1661 (Y),
525 1575 693 1659 rarissime,
724 1573 758 1641 id
780 1573 866 1659 quod
887 1574 1007 1659 doleas,
1035 1594 1056 1640 o
1084 1573 1176 1640 codd.
1206 1574 1304 1642 Grae-

264 1699 359 1765 viarm
369 1698 428 1784 (V)
449 1705 482 1764 et
503 1717 543 1765 err
564 1699 635 1784 ipso
647 1697 803 1764 Vaticano
825 1695 874 1782 (Γ
891 1696 935 1762 ad
956 1698 1032 1779 §12
1049 1697 1147 1763 seruel
1167 1697 1303 1783 omniuo,

263 1821 291 1886 si
312 1826 399 1886 reolo
426 1820 579 1905 memini).
626 1819 738 1903 ltaque
767 1817 955 1885 Conuiuium
976 1824 1063 1885 oerto
1091 1819 1125 1884 in
1147 1818 1198 1886 llis
1219 1817 1304 1886 oodi-

262 1941 489 2027 oibuslegitnr:
512 1938 749 2007 DAAJZMVF.
788 1940 960 2006 Praeterea
980 1940 1045 2026 legi
1060 1939 1185 2007 videtur
1207 1940 1303 2007 etiam

262 2064 295 2129 in
317 2063 410 2129 terlio
431 2060 569 2146 quodam
583 2062 738 2147 Parisino,
761 2081 824 2145 quo
842 2061 972 2128 Belinus
991 2062 1117 2128 omniuo
1139 2081 1204 2128 non
1225 2081 1302 2128 usus

262 2192 321 2269 eat,
342 2184 463 2270 passim
483 2189 590 2249 aulam
613 2203 651 2248 eo
670 2202 761 2249 usum
775 2180 921 2250 videmus
937 2184 967 2250 J.
987 2181 1302 2268 Fr.Boissonadinm‚

263 2324 358 2388 quarn
379 2325 447 2372 rem
467 2304 511 2371 ad
530 2308 551 2386 ξ
572 2306 594 2369 4
617 2311 649 2370 et
670 2305 691 2389 ξ
716 2305 755 2368 19
778 2302 889 2389 adligi.
944 2303 1009 2370 Sed
1030 2302 1099 2371 aod.
1123 2303 1301 2370 Parisinum

261 2428 349 2493 2965
370 2427 444 2512 (A),
466 2446 560 2510 quem
582 2424 711 2492 Bolinus
733 2443 864 2511 perraro
884 2425 1076 2511 inspexerat,
1105 2431 1205 2490 totum
1232 2423 1303 2490 ‹lili-

261 2555 374 2633 genter
396 2548 529 2615 eontulit
549 2547 599 2613 vir
619 2565 697 2612 sane
719 2545 840 2631 doetus,
863 2544 996 2612 Carolus
1013 2544 1181 2631 Soluenkel,
1204 2545 1302 2612 Grae

261 2670 385 2737 aiensis.
437 2669 478 2734 nt
498 2668 580 2734 haee
601 2666 730 2751 quidem
752 2667 891 2735 conlatio·
910 2666 954 2733 ad
974 2687 1026 2734 me
1047 2668 1232 2735 transmissa
1253 2673 1302 2735 eat

260 2810 319 2876 per
346 2791 449 2857 virum
484 2789 693 2857 olarissimum
725 2789 867 2873 mihique
895 2788 1100 2874 carissimum,
1133 2788 1300 2855 Emestum

262 2910 342 2978 Lod.
364 2932 386 2977 a
407 2910 554 2996 Loulsoh,
582 2910 633 2977 oui
663 2917 696 2976 et
724 2909 787 2997 ipsi
809 2916 842 2976 el
861 2908 1053 2977 Seleukelio
1084 2909 1206 2996 gratias
1237 2931 1300 2996 ago

260 3031 397 3098 mullas.
453 3032 547 3099 Nune
568 3030 695 3099 demum
720 3032 832 3117 elucet,
861 3032 1035 3120 scripturas
1062 3051 1145 3117 quae
1171 3032 1205 3097 in
1227 3051 1299 3098 oon·

260 3153 413 3219 leotaneis
435 3152 528 3225 Galei
549 3154 610 3239 (X)
633 3158 768 3239 exstant,
802 3173 843 3220 ex
869 3152 930 3221 hoo
959 3154 1031 3240 ipso
1053 3152 1163 3221 oodioe
1183 3153 1299 3240 partlm

260 3279 381 3341 ramus
401 3293 482 3358 esse,
514 3274 561 3340 ita
588 3279 624 3340 nt
649 3275 684 3341 in
714 3275 852 3359 quinque
879 3273 1016 3361 dialogis
1036 3275 1120 3361 sigla
1140 3273 1172 3339 X
1194 3272 1300 3343 deleta

259 3415 319 3481 pro
351 3395 426 3461 ΛΧ
456 3393 671 3461 tautummodo
700 3395 737 3461 A
768 3396 900 3462 rescribi
939 3401 1089 3483 oporteat.
1153 3394 1299 3462 Ceterum

259 3514 404 3601 ejusdem
440 3515 559 3583 oodiois
594 3516 731 3584 Parisini
764 3515 886 3585 scholia
919 3536 1045 3602 quoque
1075 3515 1109 3584 0.
1138 3516 1298 3583 Schenkel

258 3638 481 3731 periraotavit:
529 3656 593 3721 qno
629 3637 714 3704 doto
750 3636 900 3724 adparuit
934 3638 1057 3705 aoholia
1093 3637 1298 3723 semigraues,

259 3759 398 3843 quaein
420 3759 452 3825 X
474 3759 590 3844 insunt,
620 3778 661 3825 ex
682 3759 743 3827 lma
764 3761 836 3847 ipso
858 3757 968 3826 oodioe
990 3757 1126 3844 repetita
1147 3764 1180 3825 et
1200 3759 1298 3826 latina

259 3899 413 3949 conversa
440 3900 527 3966 esee,
564 3901 629 3948 non
657 3881 794 3968 „purtim
823 3880 865 3948 ab
897 3867 978 3947 Italo
1011 3880 1138 3947 homine
1167 3880 1297 3968 adlita“,

258 4002 575 4070 ammanium
602 4001 646 4069 an
674 4002 806 4069 oman.
830 4003 866 4070 r.
897 4003 913 4068 r
945 4023 977 4088 p.
1002 4004 1043 4069 12
1075 4004 1179 4070 minus
1211 3986 1324 4070 aaa

260 4110 449 4205 oouj'eoerat„
499 4125 584 4190 Dum
605 4129 711 4191 autem
738 4130 772 4192 el
791 4124 944 4192 lectiones
971 4131 1003 4193 et
1024 4125 1145 4193 soholia
1166 4125 1298 4209 antiqua

259 4249 389 4330 sorutor,
422 4245 493 4312 risa
526 4251 600 4312 sunt
626 4245 705 4311 mihi
737 4246 772 4312 in
805 4246 867 4314 hoa
902 4246 1031 4332 dialogo
1061 4249 1223 4333 oomplura
1254 4245 1296 4312 ab
