3050 5160
608 381 658 437 AD
685 379 884 437 Lucuuuuu.
1222 380 1275 435 XV

236 536 378 603 Tametsi
404 536 499 602 ineo
523 536 619 603 etiam
647 542 825 622 temporum
853 533 1010 601 voluntati
1036 532 1158 617 aliquid
1186 533 1276 601 dedit

236 666 268 725 et
288 658 447 725 rhetorum
470 656 690 723 consuetudini
720 663 786 725 tam
807 660 1004 744 graecorum,
1034 675 1167 741 quorum
1194 676 1276 725 uuus

235 787 302 847 tum
323 775 499 858 ,Eirieur‘
527 777 642 847 librum
664 776 844 865 scripserat,
873 780 1090 847 Nieostratnm
1117 776 1205 863 dieo,
1235 775 1276 843 de

235 921 298 984 quo
319 901 409 967 testis
432 906 480 967 est
501 898 616 967 Suidas
638 920 703 968 sv.
716 896 957 984 Nestoream,
983 920 1079 983 quam
1096 898 1275 967 latinorum.

235 1022 318 1088 Nam
347 1021 388 1086 Μ.
412 1019 579 1087 Cornelius
605 1021 724 1088 Fronto
753 1021 794 1087 de
827 1041 886 1088 usu
918 1021 1092 1106 imaginum
1119 1019 1276 1086 rhetorieo

235 1144 335 1211 multa
364 1141 453 1209 dedit
480 1141 524 1209 ad
545 1142 587 1207 M.
609 1142 803 1209 Antoninum
832 1164 864 1229 p.
889 1143 1033 1209 69—72
1062 1140 1111 1209 ed
1133 1142 1222 1209 Rom.
1246 1146 1278 1207 et

235 1265 306 1351 ipse
326 1264 505 1331 Antoninus
532 1264 703 1349 imaginem
726 1283 882 1346 quaereus
904 1264 1097 1333 Frontonem
1119 1262 1277 1329 consuluit

236 1407 267 1472 p.
290 1387 341 1470 69,
364 1385 497 1470 ipsaque
519 1392 621 1453 meter
641 1385 794 1451 Antonini
816 1384 992 1452 doctrinam
1022 1384 1065 1452 de
1085 1384 1277 1472 imaginibus
1357 1418 1366 1443 ι

236 1505 278 1573 ad
300 1525 336 1573 se
357 1525 483 1590 quoque
500 1506 658 1592 pertinere
676 1506 785 1592 voluit,
802 1504 955 1591 adquam
970 1512 1147 1573 munnam
1157 1506 1276 1573 Fronto

236 1648 267 1713 p.
291 1627 442 1693 est-43
471 1627 639 1714 epistolam
667 1627 794 1714 seripsit
825 1628 1018 1719 imaginibus
1050 1627 1277 1714 plenissimam.

236 1747 301 1814 Sed
322 1747 363 1814 de
385 1748 436 1816 his
458 1750 552 1815 rebus
574 1749 617 1815 ad
639 1750 716 1816 Luo.
759 1750 919 1835 Imagines
940 1754 960 1831 ξ
981 1752 997 1817 1
1021 1750 1114 1836 plura
1135 1748 1276 1817 dioturus

236 1889 322 1936 sum:
351 1869 477 1939 interim
498 1871 577 1937 satis
599 1877 647 1939 est
676 1870 717 1937 de
740 1870 879 1957 imagine
901 1872 1060 1940 rhetorica
1081 1871 1277 1939 consuluisse

238 1990 302 2057 Cio.
347 1990 397 2059 De
417 1992 540 2058 Inveni.
556 1992 580 2076 Ι,
603 1994 655 2078 30,
677 1992 791 2059 Iuoert.
813 1991 856 2060 ad
877 1992 1073 2059 Herennium
1089 1992 1143 2077 IV,
1163 1993 1206 2057 49
1225 1994 1277 2072 ἐϋ

237 2118 269 2178 et
297 2111 451 2179 Rhetores
478 2113 533 2179 Gr.
555 2113 604 2178 IX
633 2134 664 2199 p.
689 2114 753 2181 676
776 2115 876 2181 Walz.
931 2114 973 2179 Hi
1003 2120 1109 2180 autem
1136 2114 1277 2180 rhetores

236 2232 414 2318 magnoin
442 2233 650 2321 philosophos
680 2233 754 2301 odio
782 2236 857 2302 ferri
885 2235 1046 2312 solebant,
1080 2232 1121 2300 de
1150 2255 1214 2318 qua
1242 2254 1277 2301 ue

238 2353 363 2421 Tullius
386 2353 443 2438 (de
464 2354 596 2423 Oratore
617 2356 634 2421 Ι
663 2377 690 2422 e.
716 2357 869 2441 17-19)
901 2357 1001 2423 multa
1029 2354 1152 2441 adtulit,
1185 2355 1278 2438 eujus

142 2516 151 2529 ,
237 2474 389 2561 magister
410 2476 444 2543 in
465 2476 629 2545 rhetoricis
650 2477 840 2563 Apollonius
860 2478 894 2543 in
917 2475 1044 2545 eosdem
1066 2477 1181 2542 librum
1204 2496 1276 2543 oon·

236 2597 356 2665 fenerat
376 2603 505 2665 auotore
527 2598 700 2665 scholiasta
720 2597 763 2667 ad
779 2598 873 2667 Arist
884 2599 994 2692 Nubes
1012 2620 1042 2666 v.
1057 2599 1134 2665 144:
1154 2595 1277 2663 Ἀπολ-

236 2716 350 2793 λώνιος
372 2715 528 2785 tortior
550 2724 592 2786 ἐν
612 2726 664 2805 τῷ
687 2717 791 2787 κατὰ
814 2716 1068 2804 φιλοσόφων.
1105 2720 1147 2785 Et
1167 2719 1278 2805 paullo

236 2847 311 2907 ante
339 2840 530 2926 humanum,
565 2848 599 2907 ut
627 2841 753 2907 Aelium
778 2840 950 2909 Aristidem
982 2841 1141 2925 emittam,
1175 2840 1277 2926 philo·

237 2962 355 3048 sophos
372 2961 457 3029 illius
473 2963 589 3029 aetatis
607 2964 703 3028 etium
721 2963 838 3029 Fronto
855 2983 886 3048 p.
900 2963 961 3028 231
984 2968 1016 3027 et
1032 2983 1064 3048 p.
1076 2963 1141 3027 290
1156 2959 1276 3027 derisit

236 3082 385 3150 Dicerem
405 3082 502 3169 igitur
524 3083 700 3150 Luoiauum
721 3083 815 3151 etium
845 3090 880 3149 ut
901 3082 1058 3151 rhetorem
1080 3081 1153 3149 odio
1175 3082 1277 3168 philo

238 3203 383 3290 sophiam
412 3204 577 3290 habuisse,
609 3205 672 3272 nisi
700 3205 771 3291 ipse
803 3210 823 3285 ,ξ
850 3206 889 3269 13
911 3202 993 3270 med.
1020 3210 1154 3271 testatus
1183 3209 1277 3288 esset,

238 3325 466 3392 Hermotimum
488 3345 524 3391 se
545 3326 761 3412 composuisse
781 3345 883 3392 annos
905 3332 1014 3392 uatum
1034 3324 1095 3390 XL
1118 3325 1151 3410 (i.
1170 3345 1196 3392 e.
1219 3324 1277 3391 eir-

238 3446 316 3514 oiter
336 3467 366 3514 e.
390 3446 475 3513 CLX
496 3469 529 3533 p.
552 3446 622 3514 Chr.
647 3448 708 3533 n),
741 3466 804 3531 quo
834 3454 977 3532 tempore
1006 3445 1182 3513 rhetoricae
1205 3446 1276 3529 Jam

237 3569 312 3636 vale
326 3567 460 3635 dixerat
489 3567 593 3635 Minus
616 3568 711 3635 etiam
733 3567 885 3635 credibile
906 3574 955 3634 est
976 3567 1010 3632 id
1032 3566 1117 3650 quod
1138 3567 1177 3631 H.
1191 3565 1277 3632 Ded·
1405 3580 1408 3589 ⁸

237 3691 331 3757 welle
353 3690 418 3778 (ap.
441 3690 597 3758 Reituium
618 3689 661 3756 ad
682 3690 813 3757 Luoian.
835 3690 850 3755 1
872 3711 904 3776 p.
926 3689 1001 3754 nul
1023 3686 1073 3755 ed.
1096 3687 1221 3770 Lehm.)
1242 3688 1276 3753 in

237 3819 376 3880 mentem
387 3811 483 3897 venit,
500 3811 729 3880 Hermotimum
746 3810 908 3895 dialogum
925 3830 963 3877 eo
977 3809 1109 3878 oonsilio
1123 3808 1276 3895 seriptum

238 3950 318 4018 esse,
346 3941 381 4000 ut
402 3933 445 4000 Μ.
466 3933 646 4001 Antoninus
673 3934 849 4020 imperator»
873 3932 915 3998 ab
937 3930 1141 4019 philosophia
1161 3951 1275 3999 avoea-

237 4059 330 4120 retur.
381 4053 422 4119 ut
451 4075 547 4139 quum
574 4055 615 4121 de
644 4054 798 4140 religione
824 4053 859 4119 iu
886 4053 1080 4121 Hermotimo
1109 4054 1208 4119 altum
1235 4053 1277 4119 sit

238 4173 407 4260 silentium,
436 4196 477 4242 ue
505 4175 567 4243 hoe
594 4175 723 4260 quidem
745 4173 851 4260 oredo,
872 4174 1048 4242 Lueisnum
1069 4173 1276 4261 philosophos

238 4292 436 4380 objurgasse,
465 4295 550 4379 quod
571 4296 735 4382 religionis
763 4296 900 4383 purioris
921 4294 1079 4363 desiderio
1108 4301 1276 4363 teneretur.
