3050 5160
534 1121 902 1191 ΔΗΜΩΝΑΚΤΟΣ
927 1122 1056 1191 ΒΙΟΣ.

209 1284 281 1327 netu.
288 1282 319 1325 11.
699 1282 854 1294 “““““’“

209 1354 276 1405 ntis

330 1421 358 1486 1.
375 1415 531 1503 ”Enni-ies
554 1414 618 1502 ἄρα
639 1415 726 1503 μηδὲ
749 1415 767 1483 ὃ
789 1415 864 1483 καθ’
888 1414 980 1504 ἡμᾶς
1001 1417 1074 1505 βίος
1095 1414 1133 1485 τὸ
1156 1416 1319 1506 παράπαν

279 1520 419 1610 ἄμοιρος
457 1520 594 1590 ἔσεσθαι
632 1520 763 1608 ἀνδρῶν
801 1519 901 1612 λόγου
937 1523 990 1589 καὶ
1030 1520 1170 1610 μνήμης
1208 1524 1316 1604 ἀξίων,

279 1626 357 1694 ἀλλὰ
388 1627 443 1693 καὶ
472 1625 625 1713 σώματος
654 1623 776 1715 ἀραιήν
796 1625 948 1714 ὑπερφυᾶ
976 1629 1030 1693 κα1
1056 1626 1195 1717 γνώμην
1215 1626 1320 1713 ἄκρως

279 1726 459 1820 φιλόσοφον
498 1734 660 1818 taunasis.
709 1733 787 1820 λέγω
829 1731 865 1797 di
905 1733 951 1806 εἷς
990 1757 1027 1798 ce
1064 1728 1125 1799 τὸν
1157 1729 1319 1799 Βοιώτιον

349 1963 472 2013 Fuerunt
495 1964 542 2027 qni
565 1962 703 2014 Brnckero
723 1960 761 2024 (in
779 1962 850 2013 Hist.
870 1961 915 2013 Cr.
934 1962 1003 2013 Phil.
1023 1962 1049 2012 11
1074 1977 1100 2028 p.
1122 1961 1184 2025 511)
1208 1964 1319 2016 adsensi

279 2053 318 2103 ite
336 2049 833 2115 scriberentDemonactisphiiosophi
849 2051 1012 2100 mentionem
1028 2048 1116 2100 solnm
1133 2050 1161 2101 iu
1179 2050 1231 2103 hoc
1249 2052 1319 2104 libro

279 2137 429 2188 Luciouum
447 2136 544 2187 iecisse
562 2142 705 2202 praetereo
723 2142 813 2187 sutem
832 2137 979 2186 neminem:
999 2135 1026 2186 id
1045 2134 1118 2201 quod
1135 2152 1190 2187 non
1208 2153 1319 2202 prorsus

279 2238 343 2275 vere
362 2222 462 2273 dictum
481 2227 530 2273 est.
566 2239 629 2274 num
648 2226 728 2274 etiem
747 2222 794 2274 elii
812 2224 957 2288 scriptores
976 2223 1173 2274 Demonactem
1198 2229 1319 2276 nostrum

277 2309 362 2378 probe
379 2314 521 2371 noverant,
538 2309 567 2359 in
584 2309 626 2360 his
635 2311 748 2375 primum
758 2311 899 2376 Ennspius
908 2309 1050 2361 Prooemio
1060 2325 1087 2375 p.
1098 2310 1114 2360 1
1124 2308 1169 2361 ed.
1181 2310 1318 2362 Boisson.:

278 2389 467 2463 Δημώνακτος
485 2387 642 2462 φιλοσόφου
665 2390 723 2446 κατ’
749 2391 870 2451 ἐκείνους
892 2390 958 2451 τοὺς
978 2390 1108 2461 χρόνους,
1136 2397 1180 2447 cui
1198 2397 1319 2463 inprimis

279 2484 350 2536 addo
368 2483 503 2534 Josunem
522 2481 683 2533 Stobensem
702 2485 730 2534 iu
747 2483 912 2550 Florilegio,
937 2483 1014 2548 cujus
1039 2488 1129 2533 temen
1154 2496 1224 2533 nnus
1242 2482 1320 2534 locus

279 2569 346 2621 nihil
363 2568 417 2621 huc
434 2569 553 2634 pertinet
570 2569 624 2620 Tit.
641 2569 727 2634 xxn,
747 2570 794 2622 id:
815 2576 857 2621 est
875 2571 944 2623 enim
964 2568 1244 2620 versnsDemonectis
1262 2575 1318 2621 trs-

278 2658 344 2724 gici‚
362 2654 396 2706 de
416 2671 469 2722 quo
488 2654 550 2706 vide
568 2654 718 2707 Neuckinm
737 2659 765 2707 iu
783 2656 866 2723 Trsg.
888 2657 934 2708 Gr.
953 2656 1061 2721 Frsgm.
1080 2671 1107 2721 p.
1126 2654 1186 2706 cte.
1221 2671 1314 2706 verum

280 2758 295 2795 e
318 2747 410 2794 nostro
429 2742 598 2794 Demonacte
621 2742 690 2794 etius
714 2742 835 2809 ejusdem
860 2745 936 2795 iocus
960 2744 1037 2808 isque
1060 2741 1216 2807 prsecierus
1240 2743 1318 2793 tinxit

279 2830 353 2882 Flos.
362 2829 417 2880 Tit.
428 2828 500 2890 xxl,
511 2828 541 2880 8:
559 2823 755 2895 Δημώνακτος.
790 2822 932 2895 Δημῶναξ
950 2820 1189 2894 inconditorum
1209 2821 1316 2893 ἤρξατο

280 2910 463 2983 φιλοσοφοῗν’
483 2908 530 2965 ὅτι
547 2912 787 2984 καταγιγνώσκειν,
812 2913 878 2984 ἔφη»
898 2910 1019 2982 ἐμαυτοῦ
1037 2908 1178 2982 ἠρξάμην.
1214 2932 1247 2966 αα
1265 2916 1317 2967 ior·

252 3035 267 3058 a
281 3005 361 3056 tussis
380 3003 451 3054 idem
477 3001 613 3053 Stobeeus
638 3004 728 3055 edhnc
752 3006 859 3073 integer
877 3004 1072 3055 Demonsotem
1095 3007 1215 3053 nostrum
1240 3005 1320 3054 etism

280 3089 345 3141 olibi
368 3090 563 3140 nominaverat.
601 3095 675 3141 certe
699 3091 812 3142 Photius
834 3092 862 3141 in
885 3089 955 3142 Bibl.
980 3088 1043 3139 cod.
1069 3087 1118 3141 iot
1144 3086 1181 3155 (p.
1201 3087 1251 3140 111
1276 3089 1319 3141 ed.

281 3172 378 3237 Bekis.)
403 3177 474 3226 inter
495 3175 671 3241 philosophos
695 3194 712 3229 s
736 3176 855 3229 Stobueo
874 3177 980 3228 edlutos
999 3176 1079 3227 etiem
1103 3174 1317 3233 ‚Demounctem‘

281 3263 426 3316 recensuit.
462 3267 605 3327 praeterea
634 3264 687 3315 dno
709 3264 785 3316 iocos
809 3264 985 3316 Demonnctis
1009 3262 1094 3313 nestri
1117 3261 1240 3314 Josnues
1262 3263 1317 3314 De·

280 3365 423 3403 messeniis
447 3352 565 3401 servavit
588 3351 713 3402 Perellei.
738 3369 764 3417 p.
785 3350 858 3404 1461)
881 3351 924 3402 ed.
951 3349 1026 3401 Surt:
1053 3342 1234 3413 Δημόναιιτοι
1260 3348 1319 3413 (sic)

275 3432 401 3505 Ἱίναίου
419 3437 467 3485 soi
475 3430 650 3503 Σωκράτους.
681 3433 737 3493 Τὰς
752 3434 804 3504 μὲν
819 3430 915 3492 πόλεις
930 3430 1105 3501 ἀναθήματι,
1123 3430 1174 3489 reis
1191 3428 1321 3503 δὲφυχὰς

279 3516 433 3593 μαθήμασι
449 3523 565 3589 ιιοομιῖν
583 3516 636 3585 δοῖ,
656 3532 685 3576 et
701 3526 798 3577 iterum
807 3542 833 3592 p.
847 3525 935 3578 inab:
954 3518 1149 3589 Δημώναατοτ.
1183 3517 1221 3573 Οἱ
1235 3519 1319 3576 ἀπαί-

281 3607 377 3666 δευτοι
394 3606 527 3680 καθάπερ
547 3604 578 3661 οἱ
594 3605 773 3678 thicinensi
791 3604 870 3676 ἰχθῦς
887 3605 1032 3678 ἑλκόμενοι
1050 3607 1155 3679 οιγῶοι.
1182 3613 1251 3663 heco
1268 3615 1319 3678 igi·

280 3708 324 3755 tur
348 3716 423 3777 queo
443 3700 514 3766 apud
531 3700 558 3751 J.
579 3700 726 3753 Stobnenm
752 3705 780 3751 et
800 3700 828 3750 J.
849 3700 1048 3751 Dumsscennm
1076 3704 1191 3763 exstent,
1218 3701 1318 3751 Demo-

281 3791 369 3842 unotis
386 3793 467 3841 sonte
485 3788 656 3855 breviterque
678 3788 751 3840 dicte
769 3803 851 3853 quum
869 3789 898 3837 in
916 3788 1055 3838 Lucienen
1072 3785 1168 3837 sedum
1187 3787 1319 3838 dictorum

280 3878 440 3929 recensione
459 3874 541 3937 (inire
558 3893 581 3927 c.
601 3875 715 3931 it-tnt
735 3877 826 3926 omniu
850 3874 954 3937 desint,
978 3890 1011 3924 ex
1034 3872 1088 3924 elio
1107 3889 1217 3939 prorsus
1242 3875 1316 3925 sonte

282 3965 400 4029 repetitu
420 3979 481 4014 esse
504 3963 597 4029 liquet.
635 3978 707 4013 nunc
732 3963 767 4013 ed
789 3963 904 4013 Lucisni
919 3962 1115 4012 Demonactem
1129 3962 1219 4025 venio,
1239 3977 1319 4028 quem

281 4050 378 4101 librum
402 4051 437 4100 eb
460 4048 583 4100 Lucieno
610 4047 794 4099 Sernesntensi
822 4065 886 4100 vore
909 4049 1060 4115 profectum
1088 4063 1147 4098 ense
1174 4049 1201 4098 iu
1225 4048 1320 4100 oculos

282 4136 402 4187 incurrit.
440 4151 502 4186 unm
521 4140 549 4185 et
567 4150 717 4186 sermonem
730 4150 859 4199 graecum
878 4151 938 4186 eum
957 4135 1089 4197 videmus,
1108 4150 1161 4200 quo
1179 4149 1262 4186 nuum
1280 4137 1320 4185 nti

281 4224 402 4275 norimus
419 4222 579 4285 aniunnm,
598 4227 625 4272 et
644 4238 686 4272 ree
704 4221 804 4272 ibidem
822 4222 935 4272 traditas
953 4223 980 4271 in
998 4221 1071 4272 ilium
1090 4227 1207 4272 eetstcrn
1226 4239 1320 4273 omnes

282 4308 381 4362 cedere
398 4309 573 4375 intelligimus
597 4324 685 4375 neque
710 4309 794 4360 nilum
816 4325 930 4376 nsquam
954 4309 1044 4360 locum
1069 4325 1129 4359 esse
1147 4308 1318 4361 dubitationi.

281 4397 336 4449 huo
359 4396 466 4449 secedit
490 4398 677 4465 grevissimum
701 4397 819 4463 Eunnpii
844 4397 969 4448 Sardiani
996 4396 1190 4454 testimonium,
1219 4397 1265 4461 qni
1291 4396 1318 4445 in
