3086 5154
267 374 317 445 24
676 398 900 453 Λσντιησου

266 576 461 662 φανωμένος
484 571 537 641 διά
556 582 616 658 της
638 573 760 661 ἀγορᾶς
777 573 893 659 μέσης,
917 571 1105 657 κραιπαλῶν
1122 567 1304 637 καταυλοῦ-

265 704 366 766 μενος
389 677 549 746 οὐδέποτε
570 676 686 763 νήφων
708 674 865 762 κωμάζων
887 676 941 743 έπί
959 672 1100 756 πάντας,
1125 676 1217 762 ὐβρις
1238 680 1304 740 τῶν

264 780 439 872 προγόνων
468 783 521 848 καί
550 789 609 867 τῆς
636 779 760 855 πόλεως
791 781 867 866 ὅλης
895 779 949 845 καί
977 779 1075 868 γέλως
1095 791 1165 854 τοῖς
1187 779 1299 854 ξένοις.

265 887 334 952 έπελ
355 887 471 972 μέντοι
491 912 529 975 γε
550 884 625 971 παρ’
651 888 710 970 ἐμὲ
731 877 821 969 ἧκεν,
853 881 913 973 έγῶ
942 886 1007 968 μέν
1034 887 1159 972 ἔτυχον,
1195 884 1303 966 ὐίσπερ

267 992 370 1056 είωθα
399 1002 517 1069 ποιεῖν,
554 987 839 1074 ἀναπεπταμένων
869 995 935 1055 τῶν
963 994 1078 1074 θυρῶν
1109 984 1194 1073 πρός
1226 984 1304 1059 τούς

266 1091 435 1180 παρόντας
466 1101 532 1160 τῶν
562 1090 698 1179 ἑταίρων
729 1090 845 1182 λόγους
873 1089 965 1168 τινάς
993 1091 1068 1176 περὶ
1102 1089 1219 1177 ἀρετῆς
1251 1091 1304 1156 καί

268 1195 481 1283 σωφροσύνης
515 1195 685 1272 διεξιοῦσα.
723 1195 801 1262 όδὲ
821 1193 907 1283 μετὰ
935 1203 996 1263 τοῦ
1025 1194 1125 1261 αὐλοῦ
1157 1195 1211 1261 καί
1239 1202 1305 1261 τῶν

268 1299 433 1388 στεφάνων
456 1299 589 1377 ἐπιστάς
611 1298 652 1368 τά
674 1304 739 1387 μέν
760 1310 873 1386 πρῶτα
893 1298 972 1387 ἐβόα
991 1301 1044 1366 καί
1064 1312 1189 1388 συγχεῖν
1205 1297 1305 1384 ἡμῶν

267 1410 417 1492 έπειράτο
452 1402 516 1491 τὴν
545 1404 724 1473 συνουσίαν
753 1401 947 1490 ἐπιταράξας
975 1410 1016 1491 τῇ
1047 1405 1132 1491 βοῇ·
1169 1403 1239 1469 έπελ
1270 1401 1305 1468 δέ

267 1509 365 1577 οὐδέν
386 1508 482 1595 ἡμεῖς
504 1510 790 1596 ἐπεφροντίκειμεν
813 1507 927 1587 αὐτοῦ,
947 1507 1012 1574 κατ’
1036 1506 1145 1596 ὀλίγον
1167 1505 1222 1594 (οὐ
1242 1503 1304 1595 γάρ

265 1615 375 1681 τέλεον
395 1609 440 1699 ἦν
462 1610 632 1702 διάβροχος
653 1622 694 1701 τῇ
717 1614 837 1701 Μέθη)
873 1610 1016 1698 ἀνένηφε
1044 1609 1129 1698 πρός
1149 1609 1227 1685 τούς
1248 1607 1305 1676 λό-

197 1743 248 1795 813
265 1744 344 1809 γους
365 1718 417 1783 καί
440 1717 595 1805 ἀφῃρεῖτο
619 1722 639 1758 ⁴*
662 1714 739 1792 τούς
762 1715 942 1804 στεφάνους
963 1717 1017 1782 καί
1037 1715 1100 1801 την
1128 1713 1303 1800 αὐλητρίδα

267 1818 451 1889 κατεσιώπα
480 1821 533 1886 καί
562 1820 616 1887 ε’πλ
644 1830 686 1908 τη
714 1819 890 1907 πορφυρίδι
919 1818 1087 1909 γ’γσχύνετσ,
1120 1819 1173 1885 καί
1196 1820 1304 1903 ῶσπερ

266 1931 298 2002 ἐξ
319 1927 429 1992 ὕπνου
449 1926 576 2012 βαθέος
599 1922 818 2013 ἀνεγρόμενος
840 1919 958 1991 ἑαυτόν
976 1949 1012 1989 τε
1028 1921 1112 2010 έῶρα
1131 1924 1220 1998 ὅπως
1239 1922 1304 1988 διέ-

266 2054 350 2097 κειτο
374 2029 427 2095 καί
447 2035 509 2095 τοῦ
527 2027 629 2095 πάλαι
644 2028 721 2115 βιόυ
741 2026 984 2118 κατεγίγνωσκε,
1009 2028 1063 2093 καλ
1084 2023 1122 2093 τό
1145 2030 1209 2113 μέν
1230 2025 1304 2110 έρίι-

267 2122 366 2220 θημα
396 2130 434 2200 τό
458 2138 492 2199 έν
513 2140 571 2218 τῆς
594 2134 717 2217 Μέθης
744 2131 892 2217 ἀπήνθει
921 2132 974 2197 καί
1001 2130 1188 2217 ἠφανίζετο,
1224 2129 1305 2216 ηρα-

266 2236 348 2324 θρία
379 2236 414 2303 δέ
435 2236 500 2304 κατ’
527 2235 607 2304 αἰδῶ
635 2243 701 2303 τῶν
732 2235 918 2322 δρωμένων.
954 2237 1008 2301 καί
1036 2235 1127 2311 τέλος
1156 2231 1305 2320 ἀποδράς

266 2342 374 2427 ῶσπερ
398 2338 480 2430 εἶχεν
500 2338 710 2427 ηὐτομόλησε
731 2340 806 2427 παρ’
833 2344 901 2427 ἐμὲ,
939 2339 1003 2407 οὔτ’
1030 2341 1306 2426 ἐπικαλεσαμένης

266 2447 342 2512 οὐτε
361 2446 578 2531 βιασαμένης,
605 2444 647 2519 ὡς
665 2446 748 2530 αὕτη
768 2446 879 2532 φησίν,
904 2449 1002 2530 ἐμοῦ,
1028 2442 1089 2509 ἀλλ’
1110 2440 1190 2510 έκῶν
1207 2439 1305 2515 αὐτός

267 2548 390 2635 ἀμείνω
419 2556 524 2615 ταῦτα
554 2547 639 2615 εἶναι
668 2547 929 2635 ὑπολαμβάνων.
965 2547 1020 2614 καί
1039 2574 1100 2634 μοι
1129 2546 1194 2633 ἤδη
1217 2544 1305 2612 κάλει

267 2649 380 2731 αὐτόν,
417 2653 506 2729 ὅπως
534 2650 771 2739 καταμάθητε,
807 2654 848 2719 ὃν
879 2650 1007 2740 τρόπον
1037 2649 1192 2718 διάκειται
1222 2646 1305 2737 πρός

266 2760 360 2843 ἐμοῦ.
385 2764 515 2836 τοῦτον,
541 2753 565 2825 ἀ
589 2756 704 2843 ἀνδρες
729 2756 887 2835 δικασταί,
912 2758 1153 2844 παραλαβοῦσα
1173 2753 1305 2843 γελοίως

266 2864 380 2947 έχοντα
401 2862 455 2928 καί
476 2859 563 2948 μήτε
585 2858 696 2948 φωνην
720 2861 851 2948 ἀφιέναι
871 2859 958 2948 μήτε
988 2857 1121 2928 έστάναι
1148 2857 1216 2926 ἀπό
1245 2864 1303 2923 τοῦ

266 2963 410 3051 ἀκράτου
433 2963 631 3052 δυνάμενον,
667 2964 857 3050 ῦπέστρεφα
884 2966 938 3031 καί
968 2963 1119 3050 ἀνένηψα
1149 2963 1204 3028 καί
1232 2960 1305 3027 ἀντί

267 3065 482 3155 ἀνδραπόδου
513 3067 656 3157 κόσμιον
689 3067 794 3154 άνδρα
826 3069 880 3134 καί
914 3067 1066 3155 σώφρονα
1096 3067 1150 3132 καί
1181 3066 1305 3132 πολλοῦ

268 3171 356 3247 ἀξιον
378 3183 447 3247 τοῖς
468 3174 621 3259 Ἕλλησιν
650 3171 812 3249 ἀπέδειξα.
850 3172 906 3239 καί
932 3198 994 3259 μοι
1021 3169 1120 3246 αὐτός
1148 3196 1185 3237 τε
1212 3169 1306 3260 χάριν

197 3286 250 3339 814
268 3274 355 3344 οἶάεν
388 3276 443 3343 έπλ
474 3276 603 3354 τούτοις
631 3279 685 3345 καί
715 3281 746 3343 σί
774 3273 996 3365 προσηκον-τες
1025 3279 1045 3317 ⁴*
1074 3274 1158 3362 ὑπὲρ
1189 3274 1302 3342 αὐτοῦ.

268 3384 395 3467 εἴρηκα·
431 3379 527 3468 ὑμεῖς
556 3382 592 3451 δέ
619 3381 684 3469 ἥδη
710 3394 869 3462 σκοπεῖτε,
899 3382 1023 3467 ποτέρᾳ
1043 3378 1144 3468 ἡμῶν
1166 3378 1306 3467 ἄμεινον

270 3481 337 3570 [ἦν]
364 3484 450 3573 αὐτῷ
474 3499 629 3554 συνεῖναι.
689 3488 738 3551 18.
773 3487 873 3553 AJK.
911 3483 970 3574 ἀγε
999 3481 1052 3569 δὴ,
1083 3480 1133 3569 μὴ
1161 3484 1302 3570 μέλλετε,

339 3629 379 3682 18.
415 3630 489 3681 ΔΙΚ.
518 3624 565 3698 άγε
585 3622 631 3695 δὴ]
654 3632 692 3682 ita
710 3630 826 3695 conjeci.
861 3628 950 3679 EPM.
977 3621 1024 3695 άγε
1050 3620 1084 3691 δὴ
1103 3644 1129 3679 v.
1201 3622 1249 3696 άγε
1269 3621 1303 3691 δὴ

267 3717 344 3767 ΑΤΨ
359 3723 387 3770 ει
403 3734 429 3769 υ.
467 3713 547 3786 άγετε
571 3716 679 3769 ma.
755 3710 891 3779 ἀνάστητε
914 3716 981 3767 Ψεῖ
998 3731 1025 3765 ν.
1063 3708 1185 3778 ἀνάστητ
1204 3721 1232 3765 ει
1249 3720 1303 3765 tum

266 3803 365 3856 lacuna
382 3805 566 3857 uniusliterao
576 3805 619 3857 vel
634 3805 746 3857 duarum
757 3804 788 3855 A.
826 3796 962 3867 ἀνάστητε
981 3800 1140 3854 ουιΩΦΜε.
1214 3795 1306 3855 ἄλλοις

266 3888 366 3942 ΩΦΜε
390 3898 417 3941 et
434 3893 549 3943 fortasse
570 3893 600 3943 Ψ.
637 3884 736 3945 άλλουε
756 3892 780 3941 Α
806 3896 833 3940 οῖ
856 3890 917 3941 edd.
943 3895 1008 3941 vett.
1079 3887 1167 3938 ΕΡΜ.
1192 3880 1304 3954 πάσαις]

266 3977 306 4026 ita
325 3976 439 4041 conjeci.
475 3977 548 4028 AIK.
567 3972 669 4032 πάσαις
685 3994 711 4028 v.
748 3983 777 4028 at
794 3977 868 4043 loqui
887 3976 969 4027 debet
986 3976 1152 4034 Mercurium
1177 3980 1208 4025 ut
1229 3979 1305 4040 patet

268 4080 284 4114 ε
304 4081 327 4114 c.
346 4063 380 4116 22
397 4063 452 4126 fin.,
472 4079 496 4113 σ.
515 4062 548 4117 32
566 4064 611 4113 fin.
632 4072 660 4115 et
678 4082 702 4115 ο.
714 4064 747 4115 35
766 4066 824 4114 init.
894 4061 968 4112 AJK.
988 4054 1163 4128 παράδοξον]
1183 4062 1221 4111 ita
1239 4076 1303 4111 eon·

261 4145 330 4215 jeci.
368 4148 456 4197 ΕΡΜ.
476 4141 644 4217 παράδοξον
661 4168 686 4200 v.
724 4156 751 4201 at
762 4151 978 4214 certeproxima:
997 4147 1133 4198 καθίσατε
1150 4141 1304 4213 οί-Ιοσιιὶ

269 4233 487 4287 ἀοόοῖθυσῖίῑίσ.
530 4236 591 4288 vide
615 4254 697 4303 supra
722 4255 745 4289 ε.
767 4237 798 4290 15
818 4238 874 4287 init.
950 4232 1047 4307 κσῖτῇ
1066 4235 1143 4286 Am>
1162 4242 1232 4287 etv.
1268 4230 1302 4304 τῇ

272 4321 355 4374 ΨΜκ.
