3112 5156
354 322 427 405 tiu
755 338 984 394 AofflArtou

347 509 408 579 τὸν
430 509 623 598 ἄνθρωπον.
649 512 702 578 καί
725 518 779 578 ἵνα
800 509 850 598 μή
873 511 1025 600 διατρίβω
1047 513 1158 602 λέγων,
1181 506 1261 599 ήκιν
1282 510 1386 579 ὁΒα-

347 614 503 701 βσλώνιος
535 617 589 682 καί
616 615 774 703 ἀνέστησε
802 615 863 683 κδν
884 615 1000 684 Μίδαν
1022 615 1132 705 ἐπῳδῇ
1153 640 1217 684 τινι
1238 614 1386 693 ἐξσλάσας

347 717 408 787 τὸν
430 719 483 786 thu
504 725 537 786 ἐκ
558 728 619 787 τοῦ
642 719 805 806 σώματος,
841 720 889 786 ἔτι
909 720 964 786 καί
985 719 1219 807 προσαρτήσας
1239 729 1283 808 σῷ
1305 720 1385 787 ποδί

346 824 543 909 τεθνηκυίας
565 826 739 910 παρθένου
767 825 865 891 λίθον
894 823 962 891 ἀπὸ
989 834 1051 908 τῆς
1078 824 1198 909 στήλης
1231 821 1381 907 ἐκκόψας.

347 932 401 996 καί
428 937 526 996 τοῦτο
556 934 621 1015 μὲν
651 933 726 1003 ἴσως
757 932 902 1015 γιίκριον,
945 930 1063 1016 (καίτοι
1093 929 1110 995 ὁ
1141 929 1254 1005 Μίδας
1285 927 1385 1004 αὐτὸς

348 1033 514 1121 ἀράμενος
540 1031 600 1101 κδν
631 1034 814 1120 σκίμποδα,
845 1039 896 1121 ἐφ’
926 1029 965 1099 οὗ
991 1031 1190 1119 ἐκεκόμιστο,
1226 1032 1323 1123 ᾤχετο
1351 1038 1385 1107 ἐς

346 1138 404 1205 τὸν
439 1134 540 1227 ἀγρὸν
573 1136 690 1203 ἀπιών·
722 1144 885 1213 ,τοσοῦτον
912 1136 934 1223 ή
966 1134 1076 1224 ἐπῳδή
1105 1133 1253 1222 ἐδανήθή
1280 1137 1336 1201 καί
1365 1135 1383 1201 ὃ

349 1242 497 1329 πηλίκης
507 1246 627 1318 ἐκεῖνος
636 1242 757 1323 λίθος),
797 1243 844 1305 ¹⁶2.
868 1240 887 1306 ὃ
912 1240 948 1307 δὲ
969 1242 1022 1309 καί
1045 1240 1125 1307 ἄλλα
1146 1240 1281 1325 ἐποίησε
1301 1248 1384 1307 θεσ-

345 1348 444 1414 πέσια
478 1345 519 1422 ὡς
553 1346 695 1431 ἀληθῶς.
740 1352 772 1421 ἐς
803 1343 862 1413 σὸν
898 1344 1001 1435 ἀγρὸν
1035 1344 1097 1434 γοίρ
1127 1342 1235 1413 ὲλθιλν
1263 1351 1380 1424 ἕωθεν,

345 1447 486 1518 ἐπειπιίιν
520 1448 588 1537 ἱεροί
618 1476 693 1518 τινα
723 1456 756 1517 ἐκ
783 1451 899 1538 βίβλου
925 1452 1068 1525 παλαιᾶς
1097 1447 1250 1535 ὀνόματα
1284 1447 1380 1528 ἑπτὰ,

344 1556 427 1643 θείῳ
448 1555 502 1620 καί
524 1553 599 1640 δᾳδὶ
620 1555 824 1644 καθαγνίσας
845 1551 903 1621 τὸν
925 1551 1032 1621 τόπον
1053 1551 1236 1640 περιελθὼν
1250 1558 1286 1628 ἐς
1300 1553 1379 1639 τρίς,

345 1657 496 1745 ἐξήλασαν
529 1659 590 1725 ὅσα
623 1653 668 1744 ήν
701 1656 820 1744 ἑρπετὰ
854 1656 945 1733 ἐντὸς
977 1664 1044 1725 τῶν
1075 1660 1170 1744 ὅρων.
1206 1652 1288 1743 ήκον
1321 1651 1383 1723 οὖν

342 1866 576 1939 προοαναρκήοας
591 1888 609 1920 v
628 1878 655 1921 et
673 1872 707 1931 (i)
725 1873 762 1922 Μ.
789 1873 851 1922 vide
870 1888 951 1937 supre
969 1889 992 1923 e.
1011 1872 1029 1923 8
1046 1874 1108 1922 init:
1125 1868 1186 1925 ruis
1201 1864 1310 1930 ἔξωθεν
1325 1886 1380 1920 πα-

346 1952 524 2023 ραρτήμασιν
541 1964 569 2008 et
596 1976 620 2008 e.
640 1959 656 2010 8
674 1958 727 2009 fin:
754 1953 986 2026 προσαρτώμενα.
1066 1952 1148 2012 αὐτὸς
1171 1952 1310 2025 ἀράμενος
1330 1953 1382 2007 τὸν

344 2037 494 2110 σκίμποδα]
513 2047 540 2095 in
557 2046 661 2110 Evang.
681 2046 775 2097 Mutth.
794 2046 846 2110 nt,
867 2046 898 2109 n,
916 2047 1000 2096 Merui
1018 2046 1058 2107 11,
1083 2045 1111 2096 ti
1133 2060 1173 2110 sq.
1193 2052 1219 2095 et
1237 2045 1328 2097 Lucae
1347 2045 1379 2107 V,

343 2132 377 2186 25
396 2132 482 2182 similo
501 2132 658 2182 miraculum
677 2133 797 2195 traditur,
817 2134 890 2198 quod
900 2135 1020 2183 Lucieno
1039 2148 1093 2181 uon
1111 2134 1196 2197 magis
1214 2133 1378 2193 innotuerat,

343 2235 423 2285 quem
453 2219 484 2269 T.
504 2219 581 2269 Livio
608 2221 654 2279 ΙΙ,
682 2218 715 2270 36
742 2220 787 2270 fin.
816 2222 879 2270 item
906 2220 1003 2271 similia
1020 2220 1148 2272 narranti.
1219 2211 1380 2282 δπηλίτηκ

343 2299 551 2369 instructuros]
577 2306 634 2356 Cic.
654 2306 706 2356 Pro
724 2308 836 2358 Plancio
860 2324 884 2356 c.
903 2306 937 2357 40
956 2306 1017 2355 init:
1047 2305 1154 2366 „dixisti
1173 2328 1207 2341 -
1225 2320 1267 2355 rue
1287 2333 1319 2342 -
1338 2305 1378 2355 ls-
1399 2308 1405 2313 '

341 2394 432 2459 pidem
450 2410 467 2443 u
483 2393 625 2458 sepulchro
644 2396 767 2444 venerari
786 2409 833 2457 pro
854 2392 934 2443 deo“.

412 2481 452 2533 1².
472 2474 500 2532 ἐς
522 2476 573 2529 τὸν
600 2474 687 2546 ιἰγρὸν
712 2476 765 2546 γὰρ
784 2481 820 2529 Μ.
857 2475 883 2533 ἐς
908 2474 961 2545 γὰρ
979 2475 1030 2529 τὸν
1052 2474 1139 2545 ἀγρὸν
1161 2496 1186 2530 v.
1223 2479 1285 2531 ride
1310 2479 1379 2529 infru

340 2567 377 2619 nd
394 2583 418 2619 c.
437 2568 480 2621 25.
551 2560 614 2633 ίερά
637 2582 700 2617 τινα
722 2568 795 2632 VYp.
831 2561 958 2632 ἱερατικά
982 2582 1044 2631 τινα
1068 2567 1184 2632 margV
1209 2572 1237 2616 et
1255 2564 1327 2617 ΦΜκ
1351 2572 1378 2615 et

341 2670 366 2703 v.
395 2655 456 2704 vide
476 2670 545 2719 queo
564 2656 627 2705 item
648 2656 680 2704 de
700 2656 785 2718 iungis
805 2655 959 2703 dictasunt
979 2655 1101 2718 inprimis
1121 2669 1202 2717 snpra
1221 2670 1244 2702 c.
1266 2651 1298 2703 10
1313 2654 1375 2702 init:

340 2733 394 2788 ὑπὸ
413 2733 498 2806 ἱερῶν
515 2733 670 2804 ὀνομάτων,
690 2756 714 2790 r.
734 2740 749 2791 9
768 2738 818 2790 fin:
837 2735 927 2804 ὄνομα
944 2738 1097 2789 θεσπέσιον
1115 2746 1141 2789 et
1158 2740 1227 2790 haee
1245 2738 1334 2789 Procli
1349 2741 1376 2788 in

340 2827 409 2877 Tim.
427 2828 473 2885 IV,
491 2843 517 2891 p.
536 2828 600 2881 226:
629 2821 755 2891 ὀνόματα
778 2826 847 2875 θεῖα
864 2823 960 2880 νυκτὸς
977 2830 1024 2876 καί
1041 2822 1147 2891 ἡμέρας
1175 2835 1201 2876 et
1227 2828 1254 2876 in
1274 2826 1375 2891 Crntyh

340 2931 365 2979 p.
385 2914 433 2966 77:
452 2908 578 2979 ὀνόματα
604 2909 661 2962 τῶν
677 2911 767 2962 θείων
784 2908 903 2977 κόσμων.
941 2916 1050 2964 nomine
1076 2914 1208 2980 qusedem
1237 2928 1314 2963 suern
1341 2913 1375 2962 nb

339 3000 477 3051 Lobeekio
495 3002 523 3049 in
541 3000 675 3066 Aglaoph.
692 3017 717 3064 p.
736 2999 784 3051 871
806 3016 863 3066 sqq.
890 3000 1006 3052 collecta
1028 3006 1097 3051 sunt.
1129 3001 1215 3051 forms
1238 2992 1376 3067 ίερακικὸς

339 3087 357 3135 i.
377 3102 400 3134 e.
424 3084 614 3150 „theurgicus“
635 3087 811 3136 uonLuoinni
830 3093 880 3149 est,
899 3088 947 3136 sed
961 3089 1089 3139 seriorum
1108 3093 1139 3137 ut
1156 3087 1276 3152 ejusdem
1286 3087 1376 3137 Proeti

339 3173 366 3221 in
386 3171 444 3222 Ciu.
463 3187 489 3237 p.
511 3171 575 3223 3792
592 3172 653 3225 ταῖς
670 3166 821 3238 ἱερατικοῖς
839 3167 959 3227 ἁπάσαις
974 3174 1191 3241 πραγματείαις,
1218 3172 1279 3228 uuir
1297 3166 1374 3224 τελε·

337 3255 398 3312 ταῖς
418 3283 446 3292 -
467 3266 494 3308 et
511 3260 632 3309 fortassis
657 3261 684 3309 iu
712 3261 841 3311 mendosa
860 3261 986 3326 Hesychii
1013 3263 1105 3327 glossa
1121 3248 1276 3326 Βαιῶγιφαι
1302 3258 1374 3323 (sic),

338 3345 384 3395 ubi
402 3345 486 3395 verbu
504 3340 534 3393 ἐν
552 3338 702 3410 ἱερατικοῖς
725 3347 758 3397 de
786 3349 870 3398 enoris
888 3350 1050 3413 interpretor
1076 3348 1231 3413 theurgicis.
1310 3340 1373 3411 ἓξή·

338 3423 421 3481 λασιν
439 3425 492 3482 ὅσα
508 3419 545 3497 ἦν
562 3428 676 3500 ἑρπετὰ]
703 3435 730 3484 in
753 3434 934 3500 Philopseude
961 3450 1016 3486 non
1042 3436 1129 3487 solum
1154 3434 1372 3500 philosophorum

338 3520 559 3583 superstitiones,
587 3521 634 3570 sed
662 3536 801 3585 magorum
829 3527 902 3572 artes
927 3523 1064 3584 ridentur,
1093 3523 1138 3587 qni
1166 3521 1243 3586 primi
1267 3521 1374 3572 fuerent

336 3607 446 3656 istarum
465 3606 684 3670 superstitionum
702 3612 827 3658 suctores
844 3610 917 3674 iique
935 3615 1005 3659 teste
1024 3611 1104 3659 etiem
1122 3609 1235 3661 Aeliano
1254 3610 1295 3659 De
1310 3610 1372 3660 hiet.

337 3693 423 3743 Anius.
443 3693 488 3753 VI,
508 3692 541 3745 33
559 3699 699 3758 serpentes
719 3708 826 3760 qnoque
849 3694 1010 3747 incantando
1037 3695 1196 3746 eroeebsnt.
1223 3697 1251 3745 in
1269 3695 1329 3747 cod.
1347 3696 1372 3747 V

335 3781 396 3829 voni
416 3772 543 3846 ίιρατικὰ
560 3793 671 3830 aureum
695 3780 826 3831 sohotium
846 3782 1010 3847 adseripturn
1034 3788 1087 3833 est:
1115 3774 1161 3831 οία
1180 3772 1253 3836 είκίις
1274 3777 1310 3831 τὰ
1326 3797 1371 3831 τε·

335 3858 446 3915 tonant
465 3860 729 3932 φησινἸουλιανοῖι,
758 3861 923 3935 δίΠρόκλος
940 3864 1171 3933 ὕπομνιγματίζει,
1193 3862 1233 3922 οἷς
1259 3864 1370 3933 tneo-

336 3946 433 4005 κόπιος
451 3945 665 4023 ἀντιφθέγγεται
681 3949 753 4005 πάνυ
773 3949 871 4014 δεξιῶς
886 3958 934 4004 καί
950 3953 1087 4022 γενναίας.
1117 3957 1149 4007 de
1158 3957 1284 4018 tutionis,
1293 3961 1370 4021 petre

337 4044 364 4088 et
380 4037 435 4089 uuo
463 4039 524 4090 vide
544 4040 652 4092 Sutrium
680 4042 721 4092 bis
740 4057 761 4092 s.
780 4058 805 4093 κ.
833 4049 861 4094 et
887 4043 1065 4107 conjectures
1090 4042 1211 4094 Lobeoki
1237 4043 1369 4109 Aglaoph.

335 4139 361 4189 p.
381 4122 414 4175 99
433 4140 501 4191 sqq..
520 4126 597 4191 eujus
624 4130 708 4192 copiis
727 4130 806 4180 Thilo
825 4130 867 4179 De
892 4129 968 4181 coelo
993 4145 1119 4195 empyreo
1143 4132 1169 4181 11
1186 4146 1213 4195 p.
1234 4130 1266 4182 13
1284 4132 1369 4181 Arno·

335 4208 408 4261 bium
426 4211 486 4261 adr.
505 4219 577 4277 gent..
596 4214 641 4265 lib.
661 4217 672 4265 Ι
690 4232 716 4281 p.
736 4215 767 4267 31
788 4216 830 4266 ed.
849 4217 955 4282 Lugii,
984 4218 1113 4268 Basilium
1132 4218 1240 4269 Selene.
1261 4218 1296 4268 de
1314 4220 1370 4269 vitu

335 4312 356 4348 s.
375 4296 495 4350 Theclae
511 4298 529 4350 l.
548 4301 560 4351 1
577 4314 604 4367 p.
625 4301 674 4354 100
694 4302 736 4354 ed.
754 4304 861 4355 Pantin.
881 4310 908 4355 et
925 4304 1165 4357 Anastasiuaniu.
1184 4310 1298 4372 quneett.
1310 4305 1367 4357 XX.
