3086 5154
289 393 338 463 74
692 422 921 477 Λοππεκυου

286 594 317 658 2.
352 590 588 680 Ἀριστότελες,
623 593 873 664 ἐπισπούδασον
904 599 953 663 ἔτι
984 601 1124 663 θᾶττον.
1172 593 1210 664 εὖ
1241 599 1321 688 ἔχει·

287 695 404 765 έάλωκε
424 695 463 765 τὸ
484 697 625 786 θηρίον·
657 697 838 788 εἰλήφαμέν
860 725 907 781 σε,
941 696 1097 787 ῶμιαρέ.
1142 702 1214 791 εἴσῃ
1241 708 1324 790 γοῦν

286 800 413 882 αὐτίκα,
439 802 591 879 οὕστινας
613 801 710 880 ὄντας
731 801 822 891 ἡμᾶς
844 801 1059 893 ἐκακηγόρεις.
1090 812 1135 893 τῶ
1156 802 1266 894 σράπμ
1289 804 1324 871 δέ

285 931 334 981 τις
357 903 459 973 αὐτὸν
486 907 541 974 καλ
569 908 715 999 μετέλθῃ
721 935 734 989 ,·
767 907 916 976 ποικίλον
943 906 1006 997 γάρ
1034 932 1110 975 τινα
1140 913 1324 994 ἐπινοῶμεν

286 1008 440 1078 θάνατον
460 1010 527 1078 κατ’
553 1010 668 1091 αὐτοῦ,
699 1019 803 1080 πᾶσιν
829 1010 914 1098 ἡμῖν
942 1012 1107 1099 ἐξαρκέσαι
1135 1011 1322 1100 δυνάμενον

287 1112 362 1180 καθ’
388 1122 543 1182 ἕκαστον·
576 1114 710 1191 ἑπτάκις
730 1122 813 1206 γοῦν
836 1112 959 1191 δίκαιός
981 1121 1067 1183 ἐστιν
1088 1115 1173 1202 ἡμῖν
1194 1116 1323 1183 ἀπολυ-

284 1217 384 1284 λέναι.
431 1220 718 1287 ΦΙΛΟΣΟΦΟΣ
734 1222 783 1286 A.
809 1220 885 1305 ἐμολ
906 1223 971 1305 μὲν
993 1218 1323 1306 ἀνασκολοπισθῆναι

286 1321 374 1390 δοκεῖ
396 1321 507 1390 αὐτόν.
548 1324 645 1391 ΦΙΛ.
670 1323 714 1390 Β.
739 1320 781 1407 νε]
805 1322 881 1402 Δία,
905 1325 1160 1413 μαστιγωθέντα
1180 1351 1218 1414 με
1239 1321 1322 1412 πρά-

355 1504 381 1557 2.
419 1495 636 1566 ἐπισπούδασον]
661 1494 848 1551 ἐπισποάσκον
865 1501 896 1552 Α.
969 1496 1019 1566 tu]
1045 1494 1090 1551 ‘du
1109 1501 1146 1552 Μ.
1215 1498 1323 1552 θάττον

287 1588 322 1640 Φ.
339 1584 451 1639 θᾶσσον
472 1590 568 1640 Ψεετ.
588 1594 615 1640 et
633 1605 693 1640 oum
705 1592 893 1654 personepost
909 1584 1061 1639 θάσσονλ.
1134 1574 1166 1637 εὖ
1182 1588 1321 1640 ΑΒΨΦΜ.

286 1669 376 1730 καλῶς
392 1693 418 1727 ν.
492 1672 562 1745 εἴσῃ]
582 1674 645 1741 οῖ’ση
666 1676 700 1727 Φ.
772 1668 853 1728 δοται
875 1668 956 1739 ἡμᾶς]
981 1670 1055 1741 ἡμᾶς
1077 1668 1158 1728 ὄντας
1183 1674 1217 1724 Φ.
1255 1676 1321 1726 Din-

287 1763 387 1813 dorfiue
409 1758 483 1827 ἡμάκ
507 1763 623 1814 delebat.
695 1756 789 1825 αάτὸν]
813 1755 884 1811 αάτά
902 1762 934 1813 Δ.
1009 1754 1132 1830 μετέλθῃ
1158 1761 1321 1813 ΑΒΟΨΦΜ.

287 1842 423 1913 μετέλθοι
438 1865 465 1899 τ.
547 1843 703 1914 ἐπινοῶμεν
721 1842 859 1913 θάνατον]
882 1843 1010 1899 θάνατον
1033 1843 1191 1912 ἐπινοῶμεν
1207 1849 1243 1899 Φ.

289 1999 447 2073 ἐξαρκέσαι]
472 1998 624 2070 ἐπαρκέσαι
646 2005 684 2057 Μ.
709 1928 899 2071 εάὲλέάάλιθί
983 1996 1152 2071 δυνάμενον·
1175 1999 1239 2056 καθ’
1259 2001 1322 2056 ἐκα-

290 2109 355 2143 στσν
383 2087 495 2146 ἐπτάκις
520 2088 588 2158 γοῦν
611 2108 637 2141 v.
676 2083 839 2157 δυνάμενον.
876 2085 940 2140 καθ’
971 2087 1088 2142 ἕκαστον
1115 2088 1182 2160 γοῦν
1214 2095 1321 2155 (omisso

288 2173 410 2239 ἐπτάκικ)
435 2179 490 2230 ΔΒ.
529 2172 691 2244 δυνάμενον.
729 2173 793 2229 καθ’
822 2173 940 2229 ἕκαστον
967 2173 1078 2233 έπτάκιι
1109 2180 1219 2240 (omisso
1245 2175 1322 2247 γοῦν)

290 2267 325 2329 φ.
365 2258 528 2331 δυνάμενον.
565 2260 630 2316 καθ’
656 2261 773 2316 ἕκαστον
793 2260 860 2333 γοῦν
884 2256 992 2319 δέκιιιόσ
1020 2259 1094 2315 ἐστιν
1118 2260 1187 2330 ἡμῖν
1213 2260 1324 2320 minae

289 2347 464 2405 ἀπολωλέναι
480 2353 544 2417 (hoo
561 2349 666 2416 ordine)
687 2353 719 2402 Ψ.
755 2354 848 2418 inepte
867 2351 975 2419 quidem
990 2347 1101 2406 έπκάκικ
1118 2351 1250 2417 delerent,
1269 2369 1321 2419 quo

287 2446 396 2493 serrato
423 2440 532 2492 Belsker
559 2455 620 2491 oum
648 2439 768 2492 Gesnero
795 2455 850 2490 non
876 2438 972 2489 melius
999 2439 1130 2505 eonjeeitz
1158 2430 1320 2505 δυνάμενον.

288 2520 353 2577 καθ’
373 2521 489 2576 ἕκαστον
505 2522 572 2593 γοῦν
590 2520 711 2580 ἐπτάκιι.
747 2530 776 2576 et
792 2527 907 2591 scriptor
930 2541 985 2576 ιιοιι
1008 2525 1060 2576 hoo
1077 2525 1149 2589 vult,
1172 2526 1322 2578 Lucisnum

289 2614 479 2665 commeruisse
501 2620 532 2663 ut
553 2629 601 2678 pro
626 2628 791 2678 unoquoque
813 2613 921 2678 saepius
945 2617 1108 2674 moreretur,
1132 2611 1181 2663 sed
1204 2618 1235 2664 ut
1258 2618 1323 2679 quot

287 2699 462 2765 philosophos
480 2699 538 2764 ipse
562 2699 694 2758 laesisset,
719 2697 832 2750 totidem
855 2698 984 2749 mortibus
1005 2696 1038 2760 (si
1056 2698 1114 2749 fieri
1132 2700 1235 2765 posset)
1253 2700 1322 2752 mul·

287 2791 399 2838 teretur.
435 2787 537 2853 iisque,
562 2791 593 2836 ut
618 2787 647 2835 in
672 2786 794 2847 Quaestt.
821 2801 848 2850 p.
868 2782 917 2836 tot
941 2784 1041 2835 dietum
1066 2791 1122 2847 est,
1147 2782 1234 2836 κάσιν
1256 2781 1321 2836 καθ

288 2868 405 2925 ἕκαστον
428 2873 576 2925 cohaerent
599 2875 752 2938 optimeque
774 2872 886 2936 vulgate
908 2870 991 2921 hebet
1013 2878 1136 2923 correcto
1160 2874 1322 2925 interductu.

363 2959 484 3010 ΠΛΑΤ.
513 2954 577 3025 ἐμοὶ
600 2956 652 3025 μέν
670 2985 700 2995 -
718 2950 920 3025 Ἐμπεδόκλεις
946 2949 1027 3007 δοκεῖ
1046 2974 1073 3009 ν.
1100 2951 1174 3017 ,aeis
1197 2955 1271 3010 ἐστιν
1294 2954 1323 3010 ἐν

289 3039 381 3100 ἄλλοις
397 3042 430 3095 τὸ
448 3044 541 3094 ΠΛ.“
577 3047 611 3098 U.
630 3052 686 3097 tum
703 3048 731 3096 in
746 3047 769 3097 A
787 3060 904 3111 persone
922 3049 964 3094 est
979 3044 1092 3109 primum
1111 3051 1173 3097 ente
1192 3040 1255 3112 ἐμοὶ
1271 3044 1323 3113 μέν

288 3132 362 3195 (mox
386 3138 448 3198 post
471 3127 556 3182 σάτὸν
578 3129 612 3198 νὴ
638 3127 695 3182 dia.
732 3138 860 3198 peretum
879 3133 937 3181 sine
954 3129 1097 3196 persone),
1125 3138 1181 3183 tum
1207 3150 1323 3199 persons

289 3225 351 3271 ente
370 3214 434 3272 τοὺς
452 3212 627 3285 ὀφθαλμοὺς,
647 3220 763 3284 deniqne
781 3234 898 3284 persone
915 3222 977 3268 ente
995 3213 1048 3282 τὴν
1064 3210 1186 3285 γλῶτταν
1203 3215 1274 3286 (εἰσ).
1295 3223 1323 3272 in

290 3306 317 3355 Φ
334 3307 394 3372 quis
412 3300 476 3368 έμσλ
492 3302 595 3370 μέν-
615 3298 695 3356 δοκεῖ
710 3299 796 3355 αἰετὸν
812 3305 939 3371 loquetur
955 3306 1057 3367 neseio,
1076 3305 1125 3356 sed
1142 3312 1204 3358 ente
1222 3303 1255 3371 νι]
1275 3300 1323 3358 διίι

288 3394 407 3459 loquitur
424 3394 524 3444 Plato
549 3400 577 3445 et
598 3401 660 3459 post
675 3408 706 3460 ys
724 3386 865 3457 πρότερον
884 3391 1106 3458 Chrysippus.
1142 3409 1224 3459 quum
1243 3396 1322 3447 θολε-

288 3496 339 3531 nus
357 3480 391 3531 ab
410 3480 501 3531 multis
518 3480 587 3532 Ιεαεο
604 3480 711 3546 prolate
727 3480 859 3531 voluisset
877 3483 904 3529 et
914 3478 1082 3530 Wielendius
1100 3480 1171 3532 inter
1188 3487 1242 3533 tres
1259 3499 1322 3549 por·

288 3583 369 3629 εουεε
388 3568 536 3619 divisisset:
555 3567 711 3619 Diodorfius
728 3568 757 3617 in
772 3566 815 3617 ed.
826 3567 912 3618 Paris.
923 3571 1038 3632 quatuor
1054 3566 1229 3634 philosophos
1246 3571 1323 3622 dein·

288 3668 353 3722 ceps
371 3655 445 3721 loqui
463 3672 495 3706 ec
518 3659 574 3706 tum
593 3653 733 3707 Socratem
757 3669 885 3720 pergere:
911 3655 957 3702 σολ
980 3644 1010 3702 δέ
1029 3681 1063 3691 -
1080 3645 1163 3704 δοκεῖ
1176 3660 1322 3723 perspexit.

357 3735 635 3807 ιἰνασκολοπισθῆνιιι
658 3742 722 3793 du.
760 3733 997 3791 άνεσκολοπέσθκι
1013 3741 1094 3792 AB?
1112 3748 1140 3793 et
1159 3757 1186 3793 r.
1261 3751 1323 3810 post

285 3845 317 3896 ys
333 3825 476 3898 πρότερον
493 3830 566 3893 [ente
583 3825 650 3884 τοὺς
668 3821 844 3895 ὀφθαλμοὺς]
863 3844 896 3880 ex
914 3843 967 3879 uno
988 3827 1014 3877 Φ
1032 3829 1144 3879 inserui:
1160 3822 1232 3880 πολὺ
1249 3826 1322 3896 πρά-

286 3930 379 3981 κερον,
399 3916 496 3983 quibus
514 3932 583 3982 opus
601 3932 661 3968 esse
678 3916 778 3968 voeuls
795 3910 836 3965 λ’τι
853 3918 1013 3982 argumento
1031 3919 1082 3976 est,
1105 3921 1200 3983 utpote
1216 3919 1244 3970 in
1259 3933 1322 3984 grs-

288 4002 411 4055 detione:
429 3997 579 4070 πρότερον,
598 3995 669 4053 πολὺ
687 3996 837 4068 πρότερον,
858 3994 987 4051 ἐπιπολὺ
1005 3994 1154 4068 πρότερον,
1176 4020 1321 4070 quseoon.

287 4086 381 4140 similis
391 4093 433 4140 est
440 4090 586 4154 superioris
604 4082 698 4156 βάλλε,
710 4082 850 4156 ἐπέβαλλε,
860 4080 1076 4155 προσεπίβαλλε.
1148 4083 1322 4158 ἐκκεκόφθαι]

218 4236 223 4245 ,
286 4168 429 4240 ἐκκὸφθαι
446 4174 482 4225 Φ.
559 4170 602 4226 dte
618 4170 689 4227 πολὺ
707 4177 844 4229 snm
880 4167 997 4226 ἐποπολδ
1021 4174 1066 4226 Φε
1089 4178 1164 4227 etr.
1239 4172 1321 4247 μάθῃ

283 4261 443 4315 seem
480 4256 575 4328 μάθοι
591 4279 617 4316 υ.
687 4262 843 4330 κρείττοσιν
860 4263 882 4314 Β
900 4269 1007 4314 stmox
1024 4276 1113 4327 μονον
1129 4278 1162 4328 pr
1177 4278 1214 4328 m,
1231 4279 1325 4333 μσρον

283 4365 386 4402 eoorr.
465 4343 609 4419 εὑρέσθαι]
634 4344 770 4420 εάρέσθαι
791 4352 824 4402 Δ.
906 4342 1036 4401 λακιστὸν
1052 4375 1087 4388 -
1103 4344 1204 4417 μάρον]
1228 4366 1323 4403 versus
