3066 5162
318 403 370 487 θῇ
721 422 950 480 nomnen

317 588 358 659 τά
387 589 424 659 δέ
450 589 581 682 φεύγειν
614 589 782 675 διδάσκει),
822 595 900 683 φέρε
929 588 1046 683 εἰρώτα
1078 597 1225 684 εἴπομσν
1257 597 1354 664 άτινοι

318 695 473 783 φευκτέον
493 703 537 784 τῷ
559 696 706 783 ἱστορίαν
728 697 948 788 συγγράφοντι
961 700 1015 766 καὶ
1029 695 1074 768 ὧν
1088 699 1232 787 μάλιστα
1242 707 1354 767 καθα-

318 799 460 884 ρευτέον,
486 798 598 866 ἔπειτα
620 797 668 876 οές
688 800 853 890 χρώμενος
875 803 934 871 οὐκ
956 804 999 871 ἄν
1012 802 1155 891 ἁμάρτοι
1165 811 1224 890 τῆς
1247 802 1354 889 ὀρθῆς

317 903 371 969 καὶ
399 907 453 969 ἐπ’
484 902 570 971 εὐθύ
599 902 754 994 ἀγούσης,
784 905 889 996 ἀρχήν
915 934 951 974 τε
981 914 1056 975 οἷον
1085 907 1172 996 αὐτῷ
1203 907 1350 994 ἀρκτέον,

316 1005 371 1072 καὶ
391 1003 482 1083 τάξιν
501 1007 619 1092 ἥντινα
647 1023 717 1085 τοῖς
745 1007 850 1098 ἔργοις
879 1011 1116 1097 ἐφαρμοστέον,
1147 1012 1201 1078 καὶ
1228 1011 1353 1096 μέτρον

317 1107 467 1190 έκάστου,
498 1112 597 1176 καθά
626 1114 819 1197 σιωπητέον,
851 1115 904 1180 καὶ
935 1112 984 1190 οἷς
1012 1113 1268 1201 ἐνδιατριπτέον,
1297 1113 1352 1178 καὶ

317 1213 380 1280 ὅσα
402 1212 634 1301 παραδραμεῖν
662 1214 812 1302 ἄμεινον,
842 1219 895 1284 coi
923 1219 1012 1293 ὅπως
1038 1224 1237 1304 ἑρμηνεῦσαι
1267 1214 1351 1283 αὐτὰ

315 1318 371 1382 καὶ
399 1315 616 1404 συναρμόσαι.
657 1326 763 1387 ταῦτα
790 1325 856 1407 μέν
883 1323 937 1388 uel
963 1321 1004 1390 τὰ
1033 1329 1171 1388 τοιαῦτα
1199 1322 1348 1407 ὕστερον·

315 1428 378 1488 νῦν
404 1418 440 1487 δέ
467 1418 527 1497 τὰς
552 1421 665 1498 κακίας
690 1422 755 1509 ἤδη
786 1427 941 1511 εἴπαμεν,
980 1423 1103 1493 ὀπάσαι
1128 1438 1197 1500 τοῖς
1223 1421 1352 1510 φαύλας

317 1522 538 1613 συγγράφουσι
565 1528 886 1611 παρακολουθοῦσιν.
930 1530 953 1594 δ
973 1533 1038 1615 μέν
1061 1524 1122 1597 σύν
1142 1525 1235 1595 κοινά
1258 1525 1350 1595 πάν-

315 1652 382 1695 των
401 1626 507 1716 λόγων
534 1630 622 1696 έοτέν
643 1627 870 1717 ἁμαρτήματα
897 1630 934 1700 έν
954 1658 990 1699 τε
1011 1640 1104 1721 φιονῇ
1131 1632 1185 1698 sci
1208 1630 1352 1718 άρμσνέρι

316 1730 370 1796 καὶ
393 1728 522 1817 διανοίᾳ
536 1732 590 1798 καὶ
603 1740 644 1822 τῇ
660 1732 738 1823 άλλη
761 1733 901 1824 ἀτεχνίᾳ,
925 1735 1056 1822 μακράν
1075 1762 1111 1802 τε
1126 1734 1169 1803 ἂν
1183 1738 1233 1821 εἴη
1258 1736 1351 1800 έπελ-

315 1840 393 1902 θεῖν
413 1833 467 1899 καὶ
487 1844 546 1920 της
567 1833 739 1923 παρούσης
759 1836 951 1916 ὑποθέσεως
974 1839 1032 1906 οὐκ
1047 1839 1143 1907 ἴδιον·
1166 1835 1260 1905 κοινοὶ
1273 1833 1347 1927 γάρ,

317 1936 360 2013 ὡς
392 1935 476 2024 έφην
508 1935 666 2008 ἁπάντων
697 1937 801 2030 λέγειν
833 1943 930 2010 ἐστίν.
975 1941 1214 2030 [ἁμαρτήματα
1247 1939 1284 2008 έν
1315 1965 1352 2005 τε

316 2116 398 2181 ejecit
416 2117 572 2184 Rudolphns
590 2119 706 2170 Praeiat.
729 2136 755 2185 p.
774 2120 820 2181 Vl,
845 2137 923 2186 quem
949 2121 1070 2172 nonnulli
1094 2121 1181 2171 secuti
1199 2123 1269 2170 sunt.
1298 2118 1350 2179 Qui

315 2219 471 2268 comparere
489 2210 596 2268 poterat
613 2205 707 2256 falsam
725 2206 868 2257 lectionem
887 2208 956 2258 infre
975 2225 1000 2258 c.
1019 2205 1045 2269 θ,
1062 2207 1109 2257 nbi
1126 2206 1210 2256 verbs
1227 2196 1349 2271 κιβδήλῳ

313 2286 347 2359 τῇ
368 2282 504 2358 διαιρέσει
520 2285 660 2359 χρώμενοι
678 2293 730 2343 duo
750 2293 828 2342 codd.
848 2295 1012 2344 recentiores
1023 2294 1065 2342 bis
1079 2293 1206 2342 exhibent
1218 2292 1350 2356 alterique

313 2378 374 2429 loco
392 2379 462 2429 mole
480 2378 632 2446 praefigunt
649 2374 686 2432 oie
703 2375 821 2443 εἴρηται.
848 2380 883 2429 At
900 2379 926 2447 h.
937 2379 954 2429 l.
973 2396 1082 2444 prorsus
1100 2381 1191 2443 inepte
1203 2379 1271 2428 haec
1285 2392 1349 2426 con·

313 2466 419 2515 tinuots
437 2471 540 2515 essent:
559 2490 590 2500 -
611 2458 661 2513 οέκ
679 2457 760 2515 ὶδιον.
782 2459 800 2513 ἃ
819 2456 842 2513 δ
862 2459 891 2513 έν
909 2458 1017 2531 ἱστορίᾳ
1034 2491 1076 2513 -.
1102 2465 1170 2516 Nam
1187 2467 1247 2530 ipss
1265 2463 1349 2515 collo-

315 2551 386 2602 cctio
409 2565 506 2599 vocum
531 2544 560 2599 έν
584 2543 693 2616 έοτορέρ
718 2552 913 2616 oppositionem
935 2552 1047 2617 flagitet,
1073 2567 1142 2617 quse
1167 2551 1300 2616 oppositio
1323 2552 1349 2598 in

314 2637 366 2687 illis
380 2637 445 2700 ipsis
456 2636 586 2686 tredecim
597 2637 686 2687 verbis
704 2631 846 2695 (ἁπάντων
858 2630 957 2704 λέγων)
974 2638 1094 2703 proxime
1108 2638 1262 2688 antecessit.
1281 2635 1350 2685 Tum

314 2724 342 2772 in
354 2721 429 2772 libris
440 2726 469 2772 et
480 2722 562 2772 verba
581 2716 630 2771 oris
648 2715 731 2771 ἴδιον·
749 2721 831 2772 κοινά
847 2718 900 2791 γὰρ
915 2749 949 2759 -
966 2724 1104 2789 praeclare
1118 2724 1264 2787 conjuncte
1278 2727 1350 2782 sunt,

316 2815 343 2858 et
359 2807 426 2858 illud
443 2809 529 2872 ipsum
548 2803 677 2858 ἁπάντων
693 2802 782 2875 λέγων
799 2809 842 2859 hic
861 2811 967 2876 quidem
986 2811 1067 2874 longe
1085 2811 1173 2874 aptius
1186 2808 1285 2859 dictum
1300 2812 1350 2869 est,

315 2910 395 2959 quem
412 2894 482 2945 foret
497 2889 617 2953 πάντων,
637 2896 710 2961 qnod
728 2896 818 2959 paullo
837 2902 899 2946 ente
917 2899 1044 2961 scriptum
1062 2895 1184 2962 legimus.
1211 2894 1252 2944 Cf.
1270 2894 1349 2944 etism

314 2980 427 3031 similem
445 2980 534 3031 locum
553 2982 622 3032 infre
639 2999 662 3032 c.
677 2981 710 3032 39
731 2976 761 3032 έν
776 2977 839 3049 γάρ,
861 2976 897 3034 διο
914 2976 986 3048 έφην
1003 3006 1045 3030 -·.
1070 2982 1119 3031 Ηίε
1138 2981 1171 3031 δε
1190 2981 1278 3030 causis
1298 2994 1349 3045 ego

314 3070 343 3118 in
361 3069 486 3129 Qusesst.
506 3067 571 3117 Luc.
591 3083 617 3132 p.
629 3066 677 3118 loe
696 3068 755 3118 sole
772 3068 840 3119 hsce
860 3068 941 3118 verbs
959 3064 989 3117 έν
1005 3083 1035 3118 τε
1054 3064 1132 3137 φανῇ
1153 3069 1200 3115 καὶ
1218 3060 1348 3131 άρμονέρ,

315 3168 384 3218 quse
408 3154 568 3204 sententiam
591 3154 716 3218 perdunt,
740 3161 770 3204 nt
787 3173 802 3206 e
821 3155 940 3220 proxime
958 3154 1140 3219 superioribus
1165 3157 1229 3202 nete
1247 3151 1349 3202 delevi:

315 3255 394 3304 quern
418 3240 550 3291 rationem
575 3245 603 3290 ct
619 3240 772 3292 decebitius
796 3246 824 3291 et
848 3256 912 3290 vero
933 3240 963 3291 O.
982 3241 1013 3290 F.
1032 3240 1204 3290 Hermsnnus
1228 3238 1266 3298 (in
1285 3237 1350 3287 edit.

314 3341 364 3377 εοε
380 3342 406 3392 p.
422 3325 437 3377 7
455 3333 484 3378 ct
500 3344 527 3392 p.
542 3325 586 3388 lt)
605 3329 684 3377 unice
702 3329 788 3378 secuti
806 3332 876 3379 sunt.
903 3331 943 3378 Ac
961 3327 1067 3377 τοιουτοιί
1084 3327 1111 3376 in
1129 3326 1282 3375 universum
1301 3338 1350 3373 nos

310 3412 367 3477 jorn
385 3420 441 3464 tum
459 3419 533 3464 recte
548 3412 686 3477 judicasse
705 3420 829 3478 apparet:
848 3420 938 3464 tomen
956 3429 1028 3464 nunc
1047 3413 1162 3463 caeteris
1179 3409 1251 3461 houd
1269 3409 1350 3460 dubie

314 3500 426 3549 servetis
451 3514 532 3549 unem
556 3504 698 3565 praeterea
720 3515 815 3550 vocem
841 3493 1028 3565 ἁμαρτήματα
1046 3497 1114 3562 ejeci
1133 3498 1224 3561 iteqne
1241 3496 1350 3559 scripsi:

314 3581 405 3649 -τῆς
416 3579 560 3652 παρούσης
576 3580 738 3639 ύποθέοεοιι
755 3580 805 3635 οὐκ
824 3578 906 3635 litor·
925 3581 1006 3634 κοινά
1023 3580 1086 3651 γὰρ,
1108 3578 1144 3637 ὡς
1162 3580 1241 3647 ἔφην,
1262 3575 1349 3630 dedv-

313 3687 369 3720 τιον
385 3664 474 3738 λέγων
492 3666 573 3721 ἐστίν.
595 3666 613 3720 ἃ
631 3665 655 3720 δ
675 3666 705 3721 έν
722 3664 831 3736 ἱστορίᾳ
849 3664 1069 3738 διαμαρτάνουσι
1087 3694 1130 3717 -.
1160 3668 1262 3729 Quodsi
1280 3666 1349 3717 Sub-

310 3757 413 3822 jectum
426 3759 541 3822 scriptor
553 3758 653 3809 addere
662 3759 800 3819 voluisset,
813 3774 866 3807 non
881 3759 1032 3823 repetiisset
1044 3757 1138 3820 opinor
1151 3746 1348 3821 ἁμαρτήματα,

313 3844 362 3894 sed
380 3844 497 3894 scribere
512 3845 550 3894 its
562 3845 701 3895 maluisset
719 3838 849 3893 ἁπάντων
866 3837 954 3910 λέγων
971 3837 1028 3892 ἐστὶ
1046 3835 1141 3905 [ταῦτά
1158 3834 1208 3907 γε].
1237 3840 1304 3890 Nem
1322 3842 1350 3888 in

313 3929 355 3979 his
373 3930 481 3995 quidem
498 3930 588 3980 verbis
607 3937 634 3981 et
652 3932 716 3981 vitis
735 3936 762 3980 et
780 3931 841 3991 clia,
861 3946 929 3995 qrrse
949 3931 1034 3980 omnis
1052 3928 1180 3978 orationis
1199 3925 1351 3976 communis

314 4017 375 4077 sint,
394 4016 428 4067 sb
440 4018 472 4066 iis
486 4017 693 4082 distinguuntur,
708 4032 778 4082 quse
791 4018 921 4066 sermonis
936 4016 989 4065 sint
1000 4030 1073 4065 mere
1087 4013 1215 4063 historici.
1234 4012 1351 4061 Tantum

312 4103 396 4166 igitur
419 4100 504 4163 obest,
529 4109 560 4151 ut
583 4102 711 4152 tredecim
735 4102 782 4151 illa
808 4102 892 4152 verbs
917 4102 1000 4152 deleri
1027 4102 1116 4151 omnic
1139 4100 1250 4164 possint,
1275 4102 1351 4147 utet

314 4202 384 4252 quse
400 4190 520 4252 proxime
535 4188 699 4239 antecedunt
711 4193 738 4237 et
752 4203 822 4253 qnae
836 4189 963 4238 continuo
976 4186 1183 4252 subsequuntur,
1203 4185 1350 4235 clarissime

313 4273 465 4337 ostendent,
487 4279 580 4327 nostre
605 4274 710 4326 domum
735 4274 902 4325 correctione
920 4273 1034 4325 Lucisnl
1056 4286 1164 4325 menum
1186 4286 1250 4323 vere
1273 4269 1348 4321 resti·

313 4364 398 4416 tuom
417 4375 486 4421 esse
