3086 5154
283 395 332 468 60
687 422 917 474 Λονιιιιαον

282 594 319 662 δὲ
330 592 578 681 διημάρτανον.
596 642 604 658 .
620 643 629 659 .
646 642 654 658 .
681 589 759 657 ἀλλά
770 591 844 659 τίνα
859 589 1171 679 βισίςτδντράπσνς
1193 594 1321 662 ΠΛΑ-

288 699 407 766 ΤΩΝ.
455 701 531 764 οἰκῶ
553 700 619 781 μὲν
641 701 771 784 ἐμαυτῷ
792 721 868 763 τινα
888 694 984 765 πάλιν
1007 694 1211 785 ἀναπλάσας,
1237 706 1319 788 χρῶ-

280 826 345 889 μαι
375 801 411 868 δλ
440 798 586 884 πολιτείᾳ
615 800 689 889 ξένη
715 799 769 866 καί
798 798 926 886 νόμους
946 801 1069 888 νομίζω
1098 798 1177 878 τοδς
1205 800 1317 887 έμοές.

283 905 373 972 ΩΝ.
407 912 443 971 ἓν
465 902 654 991 ἐβουλόμην
676 902 815 971 ἀκοῦσαι
839 912 903 970 τῶν
927 903 1114 993 δογμάτων.
1161 906 1317 973 ΠΛΑΤ.

283 1007 385 1075 ἀκσυι
406 1006 446 1092 δὴ
469 1005 508 1075 τὸ
530 1009 697 1096 μέγιστον,
725 1008 744 1073 δ
765 1009 840 1093 περί
861 1014 927 1074 τῶν
947 1015 1108 1097 γυναικών
1136 1034 1198 1095 μοι
1220 1008 1319 1075 δοκεῖ·

282 1110 453 1200 μηδεμίαν
483 1109 590 1177 αὐτῶν
615 1108 761 1197 μηδενὸς
784 1110 867 1177 εἶναι
887 1108 1007 1198 μάνου,
1033 1112 1134 1180 παντί
1156 1112 1192 1179 δὲ
1212 1124 1322 1199 μετεῖ-

284 1241 338 1281 ναι
358 1222 403 1303 τῷ
432 1215 622 1302 βουλομένῳ
650 1220 710 1280 τοῦ
739 1211 863 1303 γάμου.
911 1215 1001 1283 ΩΝ.
1048 1216 1081 1282 τί
1107 1221 1207 1283 τοῦτο
1236 1214 1321 1302 φάςς

284 1319 476 1407 ἀνῃρῆσθαι
501 1316 579 1394 τούς
607 1317 682 1404 περί
708 1318 854 1409 μοιχείας
883 1317 1030 1406 νάμαυςς
1080 1319 1238 1387 ΠΛΑΤ.
1279 1316 1321 1404 νὴ

216 1442 266 1495 557
283 1423 360 1504 Δία,
385 1422 438 1491 ιιαλ
460 1421 570 1498 διπλοῖς
590 1447 628 1511 γι
644 1426 759 1489 πᾶσαν
779 1421 842 1508 την
860 1423 935 1509 περί
955 1421 996 1490 τά
1012 1428 1031 1466 *
1051 1430 1188 1490 τοιαῦτα
1206 1414 1324 1509 μικρο-

283 1525 407 1617 λογίαν.
460 1525 549 1593 [ΖΝ.
592 1523 626 1592 τί
646 1525 682 1592 δὲ
703 1526 778 1612 περὶ
798 1532 864 1594 τῶν
887 1532 923 1594 ἐν
945 1528 1011 1613 ίίρᾳ
1039 1526 1166 1593 παίδων
1191 1552 1242 1594 σοι
1265 1527 1323 1593 δο-

283 1644 353 1713 κεῖς
396 1630 568 1697 ΠΛΑΤ.
601 1628 655 1696 καλ
678 1623 769 1696 οὗτοι
800 1628 932 1697 ἔσονται
952 1642 1022 1705 τοῖς
1044 1629 1187 1716 ἀρίστοις
1216 1626 1323 1698 ἆθλον

214 1742 218 1748 ’
285 1737 418 1822 φιλῆσαι
451 1732 608 1818 λαμπρόν
641 1759 673 1800 τι
704 1734 759 1799 καί
794 1730 945 1801 νεανικὸν
973 1735 1219 1822 ἐργασαμένοις.
1272 1737 1321 1802 18.

284 1839 374 1904 [IN.
420 1837 523 1924 βαβαί
549 1843 609 1920 τῆς
630 1837 833 1924 φιλοδωρίας.
879 1844 939 1923 τῆς
961 1837 996 1903 δὲ
1020 1838 1138 1924 σοφίας
1158 1832 1191 1904 τί
1212 1862 1265 1904 σοι
1284 1836 1323 1904 τὸ

224 1968 228 1973 ·
286 1939 486 2029 ιιιφάλαιονς
530 1939 687 2007 ΠΛΑΤ.
736 1945 770 2007 αἱ
793 1940 875 2008 ἰδέαι
896 1941 950 2007 καί
977 1939 1019 2008 τά
1041 1948 1108 2008 τῶν
1130 1939 1236 2008 ὄντων
1256 1966 1325 2007 πα-

285 2044 499 2133 ραδείγματα.
547 2040 657 2110 ὁπόσα
678 2041 740 2133 γάρ
767 2041 808 2131 δὴ
833 2042 921 2130 ὁρᾷς,
945 2041 1109 2135 τηνγην,
1141 2042 1222 2111 τάπί
1249 2050 1322 2133 γῆς,

285 2145 346 2216 τάν
368 2143 530 2235 οὐρανὸν,
565 2144 629 2232 την
655 2146 839 2227 θάλατταν,
865 2145 1024 2215 ἁπάντων
1051 2146 1177 2216 τούτων
1204 2145 1326 2223 εἰκόνες

287 2250 422 2339 ἀφανεῖς
445 2258 575 2319 ἑστᾶσιν
598 2250 655 2328 έξω
676 2260 742 2319 τῶν
765 2252 859 2325 ὅλων.
905 2252 996 2319 ΩΝ.
1024 2258 1092 2319 ποῦ
1114 2251 1150 2318 δὲ
1171 2258 1325 2334 ἑστᾶσινς

287 2356 444 2424 ΠΛΑΤ.
493 2354 664 2442 σάδαμαῠ·
701 2358 731 2422 σι’
759 2353 822 2443 γάρ
857 2380 926 2422 που
959 2354 1043 2435 εἶεν,
1087 2353 1147 2421 οὐκ
1174 2355 1218 2423 ἀν
1246 2353 1322 2421 εἷεν.

287 2459 377 2526 RN.
425 2457 482 2548 οὐχ
513 2457 577 2543 ὁρῶ
606 2457 702 2526 ταῦθ’
739 2460 822 2544 ἅπερ
853 2458 951 2547 λέγεις
983 2457 1025 2524 τά
1057 2457 1322 2546 παραδείγματα.

287 2562 446 2629 ΠΛΑΤ.
493 2558 642 2637 ιέκάτως·
673 2559 793 2648 τυφλὸς
821 2558 883 2650 γάρ
914 2560 946 2627 οἶ
969 2569 1028 2647 τῆς
1054 2568 1161 2651 ψυχῆς
1181 2559 1242 2627 τδν
1263 2560 1326 2648 ὀφ-

288 2663 435 2751 θαλμόν.
471 2662 532 2753 έγά
555 2664 590 2731 δὲ
612 2662 748 2732 πάντων
770 2662 833 2750 ὁρῶ
857 2661 967 2732 σέκίινα
988 2663 1099 2751 ἀφανῆ
1119 2665 1172 2730 καί
1190 2668 1225 2732 σέ
1240 2663 1326 2751 κάμὲ

289 2770 388 2837 ἀλλον
409 2768 462 2835 ιιαλ
485 2769 566 2843 ὅλως
588 2766 684 2835 διπλᾶ
707 2766 828 2835 πάντα.
874 2769 963 2835 ΩΝ.
988 2774 1164 2857 τοιγαροῦν
1185 2766 1327 2854 ὠνητέος

289 2872 321 2942 οἶ
340 2870 442 2961 σσφδς
463 2871 516 2938 καί
537 2869 707 2958 ὀξυδερκής
726 2897 775 2948 τις
796 2870 851 2938 ὥν.
898 2869 963 2959 φέρ’
989 2871 1045 2939 ἴδω
1067 2871 1101 2939 τί
1121 2872 1174 2937 ιιαλ
1195 2868 1326 2957 πράξας

288 3003 335 3065 με
354 2975 437 3061 ίιπλρ
468 2972 568 3040 αὐτοῦ
601 2972 660 3056 σάς
705 2977 817 3044 ΕΡΜ.
862 2974 918 3051 δδς
949 2972 1008 3042 δίιο
1029 2973 1187 3043 τάλαντα.
1232 2974 1322 3041 RN.

291 3076 476 3166 ὠνησάμην
498 3077 580 3144 ὅσου
600 3075 682 3165 φης·
714 3077 886 3169 τάργύριον
908 3078 1023 3166 μέντοι
1051 3083 1083 3154 ές
1106 3075 1204 3155 αὖθις
1225 3101 1327 3145 κατα-

292 3296 347 3346 ΦΜ
372 3299 400 3344 οι
423 3309 448 3344 v.
483 3290 613 3357 μοιχείαν
636 3292 683 3343 Ac
708 3298 736 3344 ot
757 3294 871 3345 fortasse
899 3293 956 3343 ΨΩ.
1034 3287 1129 3342 πᾶσαν
1149 3287 1211 3356 τὴν]
1233 3287 1328 3341 πᾶσαν

290 3378 326 3432 τά
350 3398 390 3441 a„
446 3374 623 3444 τὰτοιαῦτα]
639 3375 728 3429 ταῦτα
746 3380 809 3430 ΦΜ.
881 3380 911 3431 τί
927 3374 958 3430 δέ
972 3380 1023 3428 ΨΦ
1042 3385 1103 3430 etv.
1140 3377 1170 3427 τέ
1187 3372 1324 3429 damen.

359 3459 470 3518 παίδων
488 3481 533 3515 σοι
555 3465 607 3514 ΨΦ
626 3474 653 3517 et
670 3483 696 3516 v.
733 3482 779 3516 σοι
795 3459 906 3517 παίδων
922 3466 971 3517 ΑΩ
987 3482 1071 3531 prave
1090 3471 1117 3516 et
1134 3481 1271 3531 perverse.

361 3555 402 3608 18.
420 3548 477 3606 τῶν
486 3547 582 3618 ὄντων]
588 3546 695 3605 τούτων
703 3570 729 3604 ιι.
799 3548 876 3618 τάπὶ]
886 3549 921 3604 τά
933 3548 978 3603 έπλ
988 3553 1039 3603 ΑΦ
1052 3560 1078 3603 et
1087 3553 1200 3603 fortasse
1214 3549 1270 3600 ΨΩ.

291 3638 326 3695 δν
344 3635 570 3707 εἶινλάνιίηνλ.
642 3634 766 3704 ιέΙιίτΔ.
838 3634 1159 3704 πάντανῙπάσανΩΦΜ.
1233 3628 1340 3686 εἰκόνα·

293 3725 387 3798 ἀφανῆ
406 3732 453 3779 καὶ
472 3724 511 3792 σέ]
529 3730 568 3779 ita
586 3730 699 3779 correxi.
737 3718 844 3781 τίνα’νας
867 3730 914 3777 καὶ
939 3724 969 3786 σέ
992 3720 1086 3791 ἀφἀνῆ
1113 3725 1159 3775 ΨΑ
1182 3729 1252 3774 etv.
1289 3714 1326 3772 τί·

291 3810 361 3868 ιιδνα
387 3820 434 3867 ιιαλ
462 3812 491 3866 σέ
517 3809 611 3879 ἀφανῆ
635 3813 725 3865 mm.
767 3814 829 3865 νίδο
858 3832 882 3865 ι.
911 3814 943 3866 18
970 3816 1033 3863 init:
1066 3808 1196 3862 ἁπάντων
1221 3804 1328 3860 τούτων

293 3897 397 3958 atnam
421 3898 538 3968 ἀφανεῖς
560 3898 671 3953 ἑστᾶσιν
690 3894 742 3959 έῈω
756 3896 813 3950 τῶν
827 3893 907 3951 ὅλων.
986 3892 1069 3949 ἀλλον
1090 3897 1326 3951 ΨΑΟΩΦΜΤΠΥ.

294 3984 377 4042 ἀλλον
397 3991 457 4041 αδδ.
469 3995 533 4041 vett.
549 3990 602 4041 hoo
621 3995 663 4041 est
680 3982 785 4054 ἀλλους.
859 3982 919 4056 φέρ’
940 3979 1105 4037 λ’δωΦοιτ.
1143 3985 1211 4052 φέρι
1231 3976 1254 4032 δ’
1275 3976 1326 4034 ίδω

293 4080 364 4130 Aet
380 4079 493 4128 fortasse
514 4073 570 4127 ΨΩ.
639 4069 764 4141 πράξεις]
788 4068 891 4141 πράξει
916 4074 1035 4126 Cobetus
1053 4074 1084 4123 V.
1103 4073 1134 4123 L.
1159 4089 1184 4138 p.
1203 4071 1263 4126 238.
1299 4077 1329 4122 at

294 4170 379 4219 emtor
397 4180 451 4216 non
469 4164 566 4214 Jovem
585 4161 739 4227 alloquitur,
763 4161 811 4211 sed
830 4163 1001 4213 Mercurium.
1067 4151 1116 4213 δίο
1133 4175 1175 4210 om
1193 4158 1219 4206 Ω
1237 4162 1265 4208 et
1282 4159 1328 4222 qui

293 4255 352 4306 sine
370 4267 486 4317 persona
505 4250 645 4301 continuat
663 4241 704 4299 σί.
742 4239 791 4297 δίο
811 4248 846 4296 Φ.
917 4243 1023 4314 μέντοι]
1043 4238 1074 4296 δέ
1083 4246 1116 4296 Ω.
1189 4239 1216 4298 έν
1235 4231 1326 4308 αὖθις]

294 4332 333 4397 ιῖσ
351 4326 434 4394 αὖθις
449 4336 483 4387 Ω.
521 4327 648 4391 ιίσαίδιι
666 4335 701 4385 Φ.
