3046 5166
617 366 668 422 lo
693 365 891 423 cucuron.
1153 450 1156 454 μ
1185 366 1278 421 xxm

237 540 355 608 operae
384 521 489 588 facere
518 519 654 607 pretium
682 542 746 588 non
775 522 935 608 potuisse,
970 520 1027 587 sed
1055 519 1280 607 philosophum
1356 532 1359 537 '

238 642 374 710 eundem
395 643 494 709 luisse
515 640 658 728 pejorem
681 644 777 710 etiam
798 642 956 710 Lucieno:
989 661 1053 725 qua
1082 642 1116 708 in
1144 661 1179 707 re
1209 662 1281 735 cum

239 765 269 831 J.
292 764 332 829 N.
354 761 515 849 Madvigio
545 762 589 829 ad
618 763 683 829 Cic.
713 764 764 831 De
793 764 863 830 Fin.
886 764 923 829 B.
948 762 984 828 Ε.
1007 763 1048 829 Μ.
1070 762 1213 830 Excursu
1236 763 1280 828 lV

239 907 270 971 p.
284 886 347 952 838
370 890 403 951 et
413 885 472 950 Th.
486 884 693 952 Mommsenio
706 885 888 969 (Rdmische
898 884 1089 951 Gesehichte
1110 885 1150 949 lll
1172 906 1205 971 p.
1215 884 1280 950 588

239 1005 289 1073 ed.
312 1007 426 1090 quart.)
449 1026 579 1092 prorsus
601 1006 763 1073 consentio
775 1007 816 1091 ²⁸).
860 1005 957 1090 Atqui
985 1006 1084 1073 multa
1105 1005 1157 1072 uel
1180 1025 1220 1071 ex
1242 1005 1282 1070 iis

240 1147 322 1211 quae
344 1132 481 1193 aetatem
501 1128 650 1213 tulerunt,
672 1127 829 1211 ejusmodi
851 1135 932 1213 sunt,
954 1133 989 1192 ut
1011 1127 1073 1197 nisi
1094 1127 1135 1192 ab
1155 1125 1282 1191 homine

149 1264 151 1267 ·
240 1247 461 1337 philosophiae
490 1267 626 1333 graecae
654 1246 755 1335 probe
784 1249 980 1335 intelligente
1009 1247 1105 1315 scribi
1133 1268 1198 1315 non
1227 1265 1283 1333 po·

240 1370 364 1435 tuerint.
403 1369 563 1441 ¹Cicerone
584 1388 660 1436 vero
678 1370 799 1456 jndice,
822 1370 876 1454 qui
897 1369 969 1437 illos
986 1368 1137 1436 Varronis
1157 1367 1283 1434 libellos

240 1491 346 1559 adhuc
373 1490 513 1576 integros
542 1490 678 1576 legerat,
711 1491 745 1557 in
774 1492 889 1558 saturis
918 1491 988 1576 ejus
1010 1491 1119 1577 ,multa
1140 1489 1282 1579 admixta

242 1617 332 1679 crant
365 1632 405 1678 ex
437 1612 549 1678 intima
581 1612 801 1699 philosophia,
842 1613 941 1679 multa
980 1611 1067 1679 dictu
1105 1608 1282 1677 dialectice‘

242 1732 406 1819 (Academ.
428 1734 549 1800 Poster.
572 1734 639 1820 1,2
662 1737 682 1816 ς
705 1734 749 1817 8).
801 1733 890 1801 Haeo
919 1734 1014 1819 igitur
1042 1731 1193 1819 Menippo
1221 1731 1284 1818 ipsi

241 1862 329 1923 tanto
352 1855 469 1923 certius
490 1852 655 1921 reddenda
676 1861 757 1939 sunt,
779 1853 866 1939 quod
887 1856 997 1941 Varro,
1019 1860 1055 1920 ut
1079 1852 1283 1938 jucunditate

242 1978 364 2045 animos
385 1975 597 2063 perfunderet,
627 1982 750 2057 saturas
780 1975 918 2060 quadam
947 1975 1108 2043 hilaritate
1137 1994 1284 2061 consper-

242 2105 337 2167 serat.
391 2098 539 2181 Namque
570 2097 745 2165 Vononem
776 2099 874 2184 plane
909 2097 1100 2165 deficiebant
1131 2096 1285 2163 dicacitas

242 2221 299 2287 illa
319 2219 547 2306 Aristophania
568 2226 599 2285 et
621 2237 754 2299 acumen
776 2239 852 2286 vere
873 2219 1046 2303 satiricum,
1068 2237 1130 2303 qno
1152 2224 1285 2301 utroque

244 2348 276 2409 et
303 2342 374 2428 ipso
400 2340 568 2427 Menippus
598 2348 630 2411 et
657 2342 755 2411 multo
783 2348 857 2428 post
883 2341 1043 2408 Lucienus
1070 2337 1283 2406 abundabant.

243 2463 293 2530 Ita
314 2482 397 2547 quae
418 2482 458 2528 ex
479 2462 629 2530 interiore
649 2462 872 2550 philosophiae
900 2481 1036 2548 graecae
1063 2460 1201 2531 samario
1232 2459 1285 2525 de-

243 2590 370 2670 promta
392 2588 490 2670 erant,
513 2584 613 2650 Van-o
635 2585 788 2670 pleraque
809 2590 943 2670 accepta
964 2582 1114 2671 Menippo
1136 2583 1286 2649 retulerat

245 2711 276 2773 et
304 2706 354 2791 (ut
382 2726 454 2771 curn
475 2703 671 2783 Quintiliano
701 2706 731 2772 J.
754 2705 806 2773 Or.
830 2706 856 2791 I,
877 2707 900 2771 4
920 2700 1047 2790 loquar)
1073 2724 1167 2790 ‚quae
1196 2723 1286 2791 prae·

245 2834 338 2913 cepta
360 2826 537 2913 sapientiae
554 2827 720 2894 Lucretius
738 2833 771 2893 et
780 2828 882 2894 Varro
903 2826 1048 2895 versibus
1069 2825 1286 2909 tradiderunt,
1404 2902 1405 2905 Ἴ

246 2968 286 3014 ea
306 2967 403 3031 quum
429 2948 470 3014 ab
499 2948 636 3035 Epicuro
658 2949 825 3017 Lueretius
853 2955 919 3015 tum
941 2949 1042 3016 Varro
1072 2946 1114 3013 ab
1136 2945 1286 3032 Menippo

246 3070 410 3154 petierant.
465 3068 569 3147 Quum
601 3076 707 3136 autem
739 3071 876 3157 plurima
908 3070 1088 3156 fragmenta
1115 3067 1157 3134 ad
1187 3066 1287 3154 philo-

247 3190 393 3277 sophiam
414 3188 587 3277 adtineont,
610 3211 688 3259 sane
710 3193 842 3259 multum
863 3192 915 3261 hic
936 3192 1075 3259 imitator
1102 3210 1167 3256 non
1193 3189 1287 3255 inter-

112 3398 118 3405 (
246 3331 320 3398 pres
353 3311 503 3398 Menippo
535 3332 592 3390 suo
626 3312 786 3380 debuerat.
842 3315 965 3381 Tamen
997 3294 1172 3397 quaeritur,
1206 3330 1288 3394 qnae

247 3432 400 3518 reliquiae
428 3433 554 3519 generis
582 3433 794 3521 philosophici
821 3433 862 3500 de
890 3455 1021 3502 numero
1050 3433 1287 3519 Menippearum

247 3575 355 3623 rursus
382 3553 568 3623 eximendae
598 3562 630 3621 et
658 3555 749 3639 quasi
776 3556 925 3642 propriae
947 3554 1083 3622 Varroni
1115 3551 1289 3619 tradendae

248 3697 319 3745 esse
338 3676 515 3745 videantur.
548 3668 705 3761 Equidem
720 3677 774 3744 hic
791 3697 917 3762 quoque
935 3677 1074 3744 sTuMio
1096 3674 1288 3761 proficiscar,

316 3890 342 3951 *t
360 3890 484 3957 Uterque
501 3889 534 3943 ut
550 3888 692 3944 hominem
710 3887 823 3959 ingenio
841 3888 878 3943 ad
894 3885 1108 3956 philosophiam.
1118 3901 1174 3941 non
1192 3888 1290 3956 aptum

249 3975 332 4031 luisse
355 3977 526 4041 ostenderet,
550 3976 633 4030 unico
655 3974 791 4030 Varronis
817 3974 879 4030 loco
901 3991 917 4029 c
940 3972 1014 4028 libro
1037 3972 1080 4040 ,de
1103 3972 1288 4043 philosophia‘

250 4078 315 4115 usus
331 4064 374 4117 est
391 4059 447 4132 (ap.
465 4062 614 4132 Augustin.
632 4061 674 4117 De
691 4062 754 4117 (liv.
767 4061 820 4116 Dei
836 4061 912 4127 XIX,
931 4056 972 4130 1);
990 4077 1046 4129 qno
1063 4059 1126 4117 loco
1143 4060 1235 4115 Varro
1253 4061 1290 4116 ad

250 4146 462 4204 octxxxvm
473 4151 569 4216 sectas,
588 4166 659 4219 quae
673 4149 703 4204 in
715 4149 893 4219 philosophie
907 4164 964 4203 csse
978 4149 1099 4220 possent,
1117 4147 1290 4203 numerando

251 4251 288 4288 an
304 4235 466 4290 somniando
482 4235 618 4304 pervenit.
647 4234 742 4291 Sciant
758 4237 853 4290 tamen
868 4235 982 4305 tirones,
1000 4234 1064 4289 aliis
1081 4250 1190 4304 quoque
1207 4249 1290 4302 argu·

250 4319 351 4374 mentis
367 4320 460 4377 locum
477 4320 570 4389 luisse,
588 4321 688 4391 quibus
703 4321 749 4377 illi
766 4322 883 4378 scientes
898 4320 1102 4377 abstinuerunt
