3066 5162
290 380 363 452 140
691 408 919 461 κονιικποτ

288 582 377 646 ἔοικα
403 591 473 653 τοῖς
499 575 619 653 νύθσις
647 577 778 654 ἐκείνοις
805 577 859 642 καί
888 575 1137 664 ἀποκηρύκτοις.
1173 581 1228 645 καί
1254 577 1326 666 μτὶν

287 680 380 769 πάρα
402 706 470 761 σοι,
500 676 521 766 ἦ
546 680 575 747 δ’
602 682 656 761 ὃς,
684 680 798 748 αὐτίκα
819 677 911 766 μάλα
931 679 992 747 τὸν
1014 691 1122 769 ἕτερον
1146 683 1327 771 ὀφθαλμὸν

287 786 370 875 ἔχειν
390 782 574 873 βασιλικόν·
616 786 658 870 ἢν
680 783 742 874 γάρ
765 783 924 872 έθελησης
946 784 1091 862 ἀναστάς
1113 787 1232 874 μικράν
1252 793 1326 854 ἐπι-

290 887 370 978 σχιύν
393 896 454 955 τοῦ
481 888 587 977 γυτιὸς
615 886 677 974 τῆν
699 891 843 976 πτέρυγα
873 891 999 975 θατέρᾳ
1031 887 1122 979 μάνη
1144 891 1326 978 πτερύξασ·

221 1013 271 1065 769
288 1000 368 1072 θαι,
400 990 482 1059 κατά
509 990 609 1081 λύγον
629 1000 689 1077 τῆς
716 994 876 1079 πτέρυγος
896 991 956 1059 τὸν
977 997 999 1035 *
1021 993 1124 1070 δεξιον
1146 993 1326 1081 ὀφθαλμὸν

289 1093 460 1181 ὀξυδερκής
481 1095 559 1185 ἔσῃ·
583 1094 641 1163 τάν
663 1094 724 1185 γάρ
747 1097 859 1181 ἕτερον
876 1094 1015 1183 ούδεμία
1036 1096 1170 1188 μηχανά
1192 1097 1242 1184 μη
1266 1099 1325 1165 ούκ

289 1199 492 1287 ἀμβλύτερον
515 1199 701 1286 δεδορκέναι
722 1208 781 1285 τῆς
810 1200 944 1287 μερίδος
974 1200 1053 1269 ὄντα
1081 1210 1141 1288 τῆς
1169 1204 1320 1292 χείρονος.

290 1307 377 1383 ἅλις,
401 1301 443 1389 ἦν
466 1304 496 1371 δ’
522 1303 599 1393 έγο),
625 1308 655 1370 εί
674 1303 726 1370 καί
751 1302 768 1368 ὃ
790 1303 891 1381 δεξιάς
911 1303 1017 1390 μύνος
1039 1305 1178 1384 ἀετῶδες
1197 1310 1321 1395 βλέποι·

291 1408 388 1476 οὐδέν
409 1406 472 1498 γάρ
495 1408 535 1473 ἀν
558 1408 691 1474 ἔλαττον
712 1409 849 1496 γένοιτο.
887 1410 957 1474 ἐπεί
984 1410 1038 1475 καί
1067 1408 1145 1486 τούς
1172 1412 1324 1486 τέκτονας

290 1512 443 1590 πολλάκις
475 1514 648 1598 ἑωρακέναι
680 1512 856 1602 μοιδοκῶ
885 1514 1014 1599 θατέρῳ
1046 1521 1110 1579 τῶν
1139 1513 1324 1601 ὀφθαλμῶν

291 1618 431 1705 ἄμεινον
462 1616 546 1703 πρὸς
577 1615 655 1692 τούς
688 1615 828 1691 κανόνας
867 1613 1121 1694 ἀπευθύνοντας
1160 1618 1202 1686 τά
1236 1618 1321 1695 ξύλα.

291 1730 395 1790 ταῦτα
425 1719 526 1787 είπολν
552 1721 686 1787 ἐποίουν
716 1723 787 1805 ἀμα
817 1719 857 1786 τά
887 1718 953 1786 ύπό
981 1729 1042 1787 τοῦ
1067 1720 1326 1806 Ἐμπεδοκλέους

292 1826 562 1913 παρηγγελμένα·
605 1823 622 1890 ὃ
654 1825 689 1892 δὲ
717 1824 783 1891 κατ’
815 1823 922 1912 ὀλίγον
951 1822 1108 1892 ύπαπιολν
1135 1832 1167 1901 ἐς
1200 1826 1325 1895 καπνὸν

292 1930 400 2015 η’ρέμα
424 1925 577 1996 διελύετο.
617 1931 665 1997 15.
689 1926 827 2013 κάπειδη
850 1927 984 2017 τάχιστα
1006 1928 1243 2017 ἐπτερυξάμην,
1269 1932 1324 1998 αύ·

292 2034 365 2100 τίκα
386 2059 431 2119 με
453 2039 520 2119 φῶς
541 2059 578 2100 τε
599 2032 763 2119 πάμπολυ
784 2034 987 2119 περιέλαμψε
1013 2035 1067 2099 καί
1088 2032 1128 2100 τά
1150 2037 1230 2111 τέως
1251 2038 1326 2103 λαν-

293 2135 445 2205 θάνοντα
467 2135 580 2204 πάντα
603 2137 796 2224 διεφαίνετο.
833 2135 1024 2217 κατακύψας
1047 2132 1108 2204 οὖν
1130 2143 1161 2213 ές
1182 2136 1246 2223 την
1266 2148 1326 2228 γῆν

295 2240 400 2328 έώριον
423 2248 534 2326 σαφῶς
555 2240 614 2315 τάς
643 2239 770 2320 πόλεις,
801 2238 879 2315 ’τούς
902 2239 1118 2326 ἀνθρώπους,
1148 2240 1190 2308 τά
1220 2242 1328 2332 γιγνά-

293 2370 397 2432 μενα,
429 2345 483 2410 καί
514 2343 551 2410 σύ
581 2344 621 2410 τά
652 2350 687 2410 ἐν
714 2343 868 2432 ύπαίθρῳ
897 2341 1006 2429 μόνον
1029 2343 1107 2410 ἀλλά
1137 2347 1190 2411 καί
1220 2346 1328 2415 ὁπόσα

296 2452 379 2515 οἴκοι
417 2445 580 2534 ἔπραττον
614 2445 763 2534 οἰόμενοι
794 2446 984 2529 λανθάνειν,
1021 2448 1232 2535 Πτολεμαῖον
1266 2456 1330 2536 μέν

296 2550 439 2620 συνόντα
472 2558 513 2638 τῇ
543 2550 684 2638 ἀδελφῇ,
720 2550 901 2640 Λυσιμάχῳ
935 2550 971 2618 δὲ
1001 2550 1062 2619 τὸν
1094 2550 1167 2619 υίδν
1196 2556 1330 2640 ἐπιβου-

294 2653 449 2733 λεύοντα,
484 2654 542 2721 τὸν
571 2653 731 2721 Σελεύκου
764 2654 799 2721 δὲ
828 2650 997 2745 Ἀντίοχον
1024 2657 1224 2743 Στρατονίκῃ
1258 2656 1329 2724 δια-

295 2756 435 2828 νεύοντα
462 2756 573 2846 λάθρα
600 2767 641 2847 τῇ
662 2766 822 2846 μητρυιᾷ,
853 2756 914 2826 τὸν
935 2759 971 2826 δὲ
997 2758 1163 2828 Θετταλὸν
1180 2760 1331 2837 Ἀλέξαν-

228 2880 278 2934 770
296 2862 377 2951 δρον
398 2867 420 2906 ⁴*
442 2862 509 2930 ύπδ
532 2870 591 2947 τῆς
618 2861 770 2950 γυναικὸς
799 2861 1041 2949 ἀναιρούμενον
1062 2865 1115 2929 καί
1140 2862 1332 2954 Ἀντίγονον

295 2963 493 3056 μοιχεύοντα
514 2974 572 3032 τοῦ
596 2970 670 3032 υίοῠ
690 2964 753 3050 την
773 2979 911 3055 γυναῖκα
940 2967 993 3033 καί
1011 2965 1153 3056 Ἀττάλῳ
1175 2964 1235 3034 τὸν
1257 2966 1331 3036 υἱὸν

297 3072 446 3160 ἐγχέοντα
478 3067 516 3135 τὸ
550 3067 741 3156 φάρμακον·
779 3071 915 3155 ἑτέρωθι
948 3070 978 3136 δ’
1010 3066 1052 3137 αύ
1074 3058 1243 3157 ἰΑρσάκην
1269 3097 1332 3158 φο-

299 3172 435 3240 νεύοντα
457 3171 495 3239 τά
516 3171 653 3262 γύναιον
676 3177 729 3240 καί
755 3172 816 3241 τὸν
838 3174 994 3264 εὐνοῦχον
1011 3173 1178 3261 Ἀρβάκην
1199 3178 1332 3242 ἕλκοντα

296 3277 335 3344 τύ
365 3277 454 3363 ξίφος
483 3279 538 3343 ἐπί
566 3275 627 3343 τὸν
652 3277 834 3365 Ἀρσάκην·
870 3280 1037 3354 Σπατῖνος
1059 3278 1094 3345 δὲ
1117 3277 1134 3344 ὁ
1157 3278 1276 3364 Μῆδος
1299 3283 1333 3345 ἑκ

296 3388 358 3448 τοῦ
388 3381 578 3468 συμποσίου
606 3380 689 3469 πρὸς
721 3392 784 3449 τῶν
817 3380 1008 3469 δορυφόρων
1037 3383 1155 3447 είλκετσ
1187 3386 1243 3458 ἔξω
1272 3390 1331 3448 τοῦ

298 3484 419 3566 ποδὸς,
453 3484 561 3574 σκύφῳ
591 3494 694 3576 χρυσῷ
724 3486 785 3573 την
809 3484 914 3574 ὀφρύν
942 3486 1195 3572 κατηλοημένος.
1232 3487 1332 3573 ὅμοια

369 3723 409 3775 15.
447 3717 507 3788 φάε
523 3717 563 3788 τε]
582 3723 621 3773 ita
639 3721 752 3787 conjeci.
791 3715 850 3785 φῶν
873 3735 903 3786 γε
922 3717 981 3769 ΥΦ.
1020 3713 1121 3783 φιύιτ.
1200 3711 1332 3781 πάμπολυ

299 3810 434 3861 moa.
470 3810 541 3877 μέγα
559 3811 615 3860 TV.
652 3804 786 3875 πάμμεγα
803 3824 828 3859 τ.
910 3791 967 3869 σύν]
991 3804 1052 3856 libri
1074 3799 1149 3871 γούν.
1230 3799 1332 3868 έττέχν]

300 3889 441 3962 εἷττίχνΦ.
511 3890 810 3965 γιγνόμενσῙγινάμενα
820 3893 882 3943 Φθ.
951 3884 1150 3958 ὁπύοαῙύσαε.
1222 3883 1253 3941 δέ
1263 3890 1335 3956 (post

298 3978 446 4045 Σελεύκου)
466 4002 509 4036 om
528 3987 561 4037 Ι).
632 3980 756 4053 μητρυιᾷ
774 3985 797 4033 Τ
817 3990 844 4032 et
862 3997 887 4029 τ.
922 3978 1128 4044 μητρλΖΦΟε.
1208 3974 1241 4027 τὸ
1261 3978 1333 4037 (ante

301 4066 461 4138 φάρμακον)
481 4089 523 4124 om
542 4090 567 4124 ο.
644 4072 774 4123 σπατῖνοτ
792 4066 926 4119 ΟΦΛΘε.
962 4064 1120 4132 Σπορτῖνοε
1137 4066 1160 4115 Τ
1179 4070 1206 4116 et
1225 4081 1249 4115 v.
1286 4081 1333 4116 no·

300 4176 362 4210 men
379 4157 517 4214 Σπατῖνος
534 4161 616 4212 habet
634 4160 732 4211 δείδιτε
750 4175 771 4208 τ.
790 4173 816 4205 τ.
896 4146 1066 4221 δορυφόρων
1084 4150 1171 4203 vAo.
1209 4144 1334 4218 δορυφο-

301 4241 425 4316 ρούντων
444 4247 470 4296 Φ
489 4255 515 4300 et
533 4266 558 4300 v.
640 4245 669 4299 έν
685 4263 716 4298 τε
733 4239 827 4312 Λιβύῃ
848 4242 963 4293 Bekker.
982 4240 1043 4290 libri
1062 4233 1091 4289 έν
1107 4234 1141 4310 τῇ
1161 4233 1265 4307 Λιβύῃ.

300 4329 458 4409 γιγνόμενα]
475 4332 608 4405 γινόμενα
628 4336 688 4388 ΦΕ.
760 4320 795 4398 ἧν
813 4325 893 4396 δρᾶν]
911 4316 947 4394 ἤν
965 4344 1008 4379 om
1028 4328 1062 4378 Φ.
