3066 5162
601 432 809 489 nunmsron.
1174 423 1221 503 Π

189 599 437 690 ἀφιπτάμενος,
469 600 548 669 ἄλλό
568 627 630 690 μοι
655 600 792 673 ἐδόκουν
818 601 1008 691 ιῦπόιρυφός
1028 631 1077 682 τις
1098 605 1224 693 ἐπανή-

187 731 264 773 ιιειν.
314 707 548 791 καταλαβοῦσα
577 702 638 775 σῦν
667 709 750 774 οἴκοι
776 704 837 775 τόν
864 709 991 796 πατίρα
1018 715 1142 778 dorosa
1170 712 1224 778 καί

186 810 409 895 περιμένοντα
436 808 597 877 ἐδείκνυεν
623 809 708 897 αὐτῷ
738 810 864 896 ἐκείνην
884 809 947 897 τὴν
968 817 1096 897 ἐσθῆτα
1124 813 1220 900 κάμὲ,

188 911 257 989 οἷος
276 914 405 999 ἥκοιμι,
430 912 486 978 καί
505 938 536 980 τι
557 914 610 979 καί
631 912 835 1000 ὑπόμνησον,
861 911 914 980 σία
926 922 1046 1002 μικροῦ
1060 915 1129 983 δεῖν
1149 918 1224 1004 περὶ
1321 919 1328 931 ’

188 1021 270 1102 ἐμοῦ
290 1013 521 1103 ἐβουλεύσατο.
557 1023 662 1083 ταῦτα
689 1017 866 1104 μέμνημαι
896 1014 974 1084 λδιόν
1004 1016 1155 1096 ἀντίπαις
1177 1026 1224 1086 δτι

189 1119 243 1201 ὧν,
275 1120 354 1206 ἐμοί
377 1118 484 1186 δοκεῖν
510 1120 716 1208 ἐκταραχθείς
736 1116 821 1206 πρὸς
840 1117 901 1210 τόν
921 1127 987 1187 τῶν
1007 1123 1140 1211 πληγῶν
1160 1119 1224 1210 φό-

188 1224 261 1308 βου.
313 1223 362 1287 17.
391 1220 516 1309 persoir)
545 1221 581 1288 δὲ
609 1223 770 1310 λέγοντος,
789 1219 976 1308 Ἡράκλεις,
1007 1229 1068 1311 ἔφη
1090 1251 1149 1304 τις,
1181 1225 1225 1301 ὡς

188 1323 317 1412 μακρόν
338 1322 377 1391 τό
400 1324 557 1393 ἑνίπνισν
570 1325 624 1391 καί
639 1321 813 1393 δικανικόν.
849 1323 907 1392 slr’
925 1324 1019 1401 ἄλλος
1030 1325 1222 1415 ὑπέκρουσε,

190 1526 340 1574 correctum
359 1522 490 1585 oportuit:
508 1512 703 1585 καταλαβοῦσα
721 1506 771 1570 σόν
789 1517 901 1579 οἴκοι,
922 1521 994 1587 quod
1012 1523 1124 1573 restitui.
1153 1524 1225 1573 Fons

189 1608 266 1673 hujus
280 1608 379 1657 erroris
392 1612 434 1656 est
445 1623 487 1667 es,
503 1622 571 1673 quse
586 1608 704 1672 proximo
714 1608 864 1673 insequitur
872 1607 979 1658 lscnns.
1024 1608 1132 1673 Septem
1143 1609 1226 1659 verbs

188 1691 238 1745 τόν
262 1693 375 1759 πατέρα
397 1717 431 1731 -—
457 1684 595 1742 ἐδείκνυεν
618 1687 690 1755 sisoi
716 1709 758 1741 om
783 1692 857 1743 ΑΦΡ
882 1697 909 1743 et
930 1710 963 1758 pr
985 1710 1010 1744 m
1030 1695 1063 1755 Q.
1099 1693 1226 1746 Similiter

188 1782 253 1846 legit
275 1781 311 1831 Z:
345 1771 541 1844 καταβαλοῦσα
563 1780 610 1827 καί
634 1775 687 1842 τὴν
709 1773 816 1841 ἐκείνην
840 1773 956 1843 ἐσθῆτα.
993 1781 1134 1846 Leguntur
1157 1781 1225 1832 hsec

190 1874 294 1933 septem
312 1866 397 1917 verbs
415 1870 444 1915 et
460 1864 541 1930 vulgo
566 1870 594 1915 et
611 1866 638 1914 in
657 1880 733 1930 msrg
750 1865 771 1914 Z
790 1871 818 1915 et
835 1882 852 1915 s
869 1880 915 1916 sec
933 1882 959 1915 sn
978 1866 1002 1927 Q
1027 1872 1055 1917 et
1072 1872 1102 1916 ut
1120 1866 1227 1917 ridetur

188 1955 216 2004 in
232 1952 292 2001 ΩΨ.
354 1949 403 2000 καί
417 1967 446 2000 τι
463 1945 518 2014 καὶ]
537 1948 647 1999 καίτοι
663 1953 710 2000 καί
731 1951 788 2013 l'Q.
843 1944 1024 2016 ἐβουλεόσατσ
1043 1953 1073 2002 Ζ.
1098 1945 1225 2017 ι’βσυλιῦ-

190 2054 273 2089 σαντα
291 2038 376 2104 vulgo
394 2043 422 2088 et
438 2035 598 2099 ΩΨΔΦΡΩ,
622 2036 694 2102 qnod
712 2038 877 2088 recentiores
895 2043 1064 2089 revocarunt.
1099 2040 1135 2088 At
1148 2043 1226 2089 recte

190 2141 240 2190 ego
260 2124 318 2188 jeus
341 2124 404 2174 olim
429 2138 512 2172 unum
529 2122 760 2173 Hemsterhusium
777 2128 886 2173 secutus
904 2116 1086 2189 ἐβουλεύσατο
1104 2139 1226 2189 compro·

188 2211 288 2273 barum,
309 2225 362 2275 quo
381 2208 447 2258 nihil
466 2213 508 2258 cst
524 2209 624 2259 verius.
650 2209 718 2259 Nsrn
735 2224 785 2273 per
802 2213 886 2259 toturn
904 2209 975 2259 hunc
994 2209 1011 2259 l.
1030 2210 1063 2260 de
1077 2216 1152 2275 petre
1168 2210 1226 2261 solo

190 2313 275 2353 sermo
302 2300 353 2357 est,
377 2310 432 2344 nou
454 2294 518 2342 item
541 2293 575 2342 de
606 2294 708 2344 suricis.
745 2294 785 2344 Cf.
806 2295 887 2345 etiem
904 2310 986 2358 supro
1003 2310 1027 2346 c.
1046 2296 1062 2345 2
1080 2296 1159 2357 med„
1181 2296 1228 2347 ubi

191 2382 374 2432 dubitantibus
398 2379 491 2429 smicis
514 2394 582 2428 uuus
605 2384 683 2443 puter
706 2380 819 2430 eundern
843 2396 898 2429 rem
918 2380 999 2430 dubio
1018 2381 1149 2431 exemisse
1166 2397 1226 2431 ner·

190 2474 271 2519 retur.
309 2468 382 2528 Quin
409 2466 489 2515 etism
517 2464 674 2529 conjecturs
700 2481 761 2516 mes
786 2465 819 2515 de
845 2466 982 2530 superiore
1006 2465 1068 2515 loco
1093 2481 1117 2516 c,
1142 2465 1160 2529 2
1181 2466 1227 2516 flu.

112 2580 117 2585 ·
192 2549 261 2616 κίγεν
285 2570 336 2618 pro
365 2545 437 2614 κίχον
463 2552 559 2601 eodem
584 2552 678 2600 nititur
703 2551 886 2602 fundamento.
944 2545 1007 2629 'psol
1031 2543 1125 2601 δοκείν
1147 2550 1226 2604 λίΙΨ.

192 2635 254 2705 ίμολ
279 2631 361 2689 δοκεῖ
379 2636 505 2698 ΩΔΦἙὮ
531 2642 558 2687 et
574 2652 599 2686 v.
633 2638 788 2702 Frequente
810 2637 874 2699 hoc,
900 2642 930 2688 ut
952 2640 1055 2703 opinor,
1081 2638 1228 2688 scriburnnr

191 2743 279 2777 errore
306 2725 433 2775 commoti
455 2722 576 2773 nonnulli
599 2727 674 2773 extrs
692 2724 918 2774 constructionem
935 2724 1035 2789 ubique
1054 2717 1116 2789 ἐμοὶ
1136 2712 1229 2774 δοκείν

192 2816 331 2876 reponunt,
350 2815 381 2859 ut
394 2811 422 2859 in
434 2809 555 2858 Lucieno
566 2807 690 2870 Solsnus,
702 2809 738 2859 sd
750 2809 777 2859 h.
788 2809 806 2859 l.
815 2809 986 2861 Lchmsnnus
999 2815 1027 2860 et
1035 2810 1189 2860 Dindorlius
1201 2811 1229 2859 11

191 2914 216 2963 p.
234 2898 272 2948 lx
292 2895 336 2946 ed.
355 2912 420 2957 sec,
445 2894 560 2944 Siebelis
583 2895 611 2943 in
629 2895 764 2945 Pausania
787 2895 821 2945 ad
838 2895 874 2957 11,
895 2894 936 2958 14,
955 2894 981 2957 2,
1005 2897 1033 2946 in
1051 2894 1228 2961 Xenophonte

193 2984 310 3034 Cobetus
328 2982 395 3032 Non.
412 2981 501 3031 Lectt.
519 2996 545 3045 p.
564 2978 623 3031 7⁰2.
651 2981 695 3043 At,
714 2981 817 3045 opinor,
835 2981 915 3046 bujns
933 2983 972 3031 rei
986 2980 1119 3046 judicium
1137 2997 1154 3031 α
1171 2980 1229 3032 sols

192 3069 291 3135 pendet
309 3068 432 3117 codicum
452 3067 622 3127 auctoritate,
641 3066 864 3131 quemadmodum
883 3067 911 3116 in
930 3068 1052 3128 Qussstt.
1071 3066 1137 3117 Luc.
1155 3081 1181 3131 p.
1195 3065 1228 3117 lb

192 3156 328 3221 protessus
346 3169 414 3214 sum,
433 3153 472 3202 ite
489 3157 519 3201 nt
536 3167 585 3216 per
603 3168 632 3202 se
651 3158 793 3219 utrumque
808 3152 886 3216 juxte
904 3154 1014 3203 atticum
1030 3168 1088 3204 csse
1102 3153 1228 3215 dicerem,

188 3241 266 3305 juste
289 3240 465 3290 Lucisneunr.
502 3238 534 3287 ln
558 3238 654 3288 eudem
676 3239 733 3289 fere
758 3240 893 3290 sententie
915 3239 1023 3290 fuerunt
1041 3237 1171 3289 Schuefcr
1193 3224 1252 3289 κδ’

191 3327 330 3379 Demosth.
349 3326 363 3376 1
379 3342 406 3390 p.
421 3321 480 3385 uui,
499 3324 672 3375 Heindorfius
695 3324 730 3375 sd
747 3325 816 3376 Plst.
833 3323 996 3388 Euthydem.
1014 3340 1040 3390 p.
1060 3322 1119 3386 398,
1137 3325 1229 3375 Aetius

192 3413 226 3465 sd
242 3413 314 3465 Plnt.
331 3413 418 3478 Legg.
437 3427 464 3475 p.
483 3407 533 3460 594
551 3410 606 3460 alii,

262 3497 304 3549 17.
323 3490 369 3547 iius
389 3497 529 3548 Graevius.
549 3489 593 3545 ότι
610 3495 672 3545 libri
690 3511 791 3547 omues.
846 3489 950 3564 ὥσπερ]
969 3489 1084 3563 οἷόσπερ
1104 3495 1128 3557 Q
1146 3496 1229 3547 solus·

242 3577 437 3652 γεγηρακότων
451 3581 583 3632 ΨΩΑΦΡ.
600 3573 655 3645 ἤδη
670 3576 863 3649 γεγηρακότων
872 3583 967 3648 vulgo:
984 3584 1057 3648 quod
1072 3583 1117 3648 qui
1130 3584 1230 3646 primus

194 3672 290 3733 intulit,
308 3672 395 3722 voluit
412 3671 540 3720 fortusse:
558 3661 694 3726 παλαιῶν,
714 3661 769 3733 ἤδη
789 3665 962 3736 γεγηρακότα,
983 3671 1053 3719 sicut
1072 3672 1114 3719 est
1127 3669 1230 3720 inLuc.

193 3758 265 3808 Putr.
279 3758 393 3807 Encom.
412 3773 436 3806 c.
455 3754 487 3805 9:
504 3754 564 3808 cois
582 3746 611 3802 δί
629 3747 683 3819 ἤδη
702 3750 892 3823 γεγηρακόσιν.
948 3749 1065 3821 ὀνείρων
1081 3749 1232 3820 &conparis

193 3858 268 3896 sivae
284 3838 357 3907 ἡμᾶς
373 3841 430 3893 ΩΑ.
454 3835 571 3908 όνοίρισν
586 3838 664 3894 τινὰς
681 3837 831 3909 ὑποκριτὰς
847 3837 922 3907 ἡμᾶς
937 3842 996 3890 ΨΦ.
1017 3835 1134 3906 ὀνείρων
1147 3837 1231 3891 σικυόν

193 3924 265 3993 ἡμᾶς
282 3924 432 3998 ῦπσκριτόσ
447 3945 524 3982 τινας
536 3928 627 3994 vulgo,
646 3926 790 3978 nederwic
807 3945 850 3980 om
866 3930 945 3978 etiem
959 3929 1034 3990 FQe.
1078 3921 1231 3992 όπείληφεν

194 4017 273 4082 vulgo
299 4021 328 4066 et
352 4017 452 4067 diserte
476 4014 561 4066 ΩΑΦ.
586 4006 700 4078 είληφεν
716 4015 748 4073 Ψ,
775 4015 848 4080 quod
869 4015 945 4064 nihili
964 4019 1013 4064 est.
1074 4000 1168 4080 tripodi
1187 4014 1230 4065 vel

177 4087 223 4150 ’δ’
244 4100 316 4169 γαδδ
338 4103 421 4168 vulgo
445 4108 473 4152 et
494 4102 525 4149 Ψ.
553 4089 576 4150 ιό
601 4094 689 4167 drabe*
712 4099 770 4152 ΩΑ.
831 4093 895 4150 cide*
918 4097 971 4167 γὰρ
991 4125 1024 4175 3-
1048 4095 1097 4163 σόχ
1118 4096 1229 4166 inexp]

195 4192 300 4255 negotio
323 4194 387 4255 post
408 4189 568 4239 sententium
585 4188 771 4239 intennedinm
789 4205 849 4238 cum
867 4189 894 4238 vi
913 4190 1027 4253 repetite
1044 4191 1094 4238 est.
1126 4187 1230 4238 Eodem

195 4276 270 4326 modo
297 4276 395 4340 Lycius
422 4291 466 4340 up.
490 4275 657 4325 Prisc-ionum
682 4272 722 4337 ts,
746 4273 789 4336 25,
814 4290 840 4339 p.
859 4272 910 4326 2³⁶
934 4274 989 4325 Κατ
1022 4264 1112 4337 „ouidi
1140 4269 1170 4323 si
1190 4286 1232 4325 use

195 4351 439 4427 clunianensis
461 4356 503 4428 ι’ίη
529 4357 604 4425 (ποία
628 4356 669 4429 εἴη
695 4366 770 4414 recte
788 4360 923 4429 Ssuppius
946 4361 975 4413 in
993 4360 1113 4413 Oratorr.
1131 4360 1185 4413 est.
1203 4359 1231 4415 11

242 4446 366 4494 ussus
1007 4445 1024 4505 ρ
