3066 5162
298 402 349 485 26
700 420 926 476 normann

298 590 351 657 aui
372 585 472 658 τᾶλλα
492 589 618 680 μεγάλῃ
645 598 686 680 τῇ
707 598 800 680 φωνῇ
823 588 1052 679 ἀναβοώντων,
1083 592 1137 660 eui
1157 599 1256 662 τοῦτο
1278 593 1332 662 issi

298 694 395 775 aoid,
433 695 503 785 ἄχρι
530 694 571 784 δὴ
597 693 717 786 χειμών
751 697 804 761 καὶ
831 693 927 782 κρώος
962 695 997 762 δὲ
1031 697 1118 787 μέγα
1150 695 1332 787 γενόμενον

299 801 422 866 ἔπαυσε
448 801 629 886 ληροῦντας
663 797 792 875 αὐτούς.
848 799 956 867 αἰτίαν
992 799 1028 867 δι’
1058 827 1119 887 μοι
1153 801 1242 869 δοκεῖ
1271 809 1332 869 τοῦ

266 900 451 974 3τοιοώιου
472 908 493 945 ⁴*
514 917 694 994 παρασχεῖν
711 903 880 992 Ἀρχέλαος
909 901 926 968 ὁ
949 902 1123 993 τραγῳδὸς,
1148 905 1330 991 εὐδοκιμῶν

297 1003 383 1086 τότε,
406 1015 590 1094 μεσοῦντος
609 1009 730 1095 θέρους
744 1012 780 1073 ἐν
791 1008 897 1095 πολλῷ
913 1014 956 1094 τῷ
971 1009 1105 1096 φλογμῷ
1122 1007 1331 1098 τραγῳδήσας

296 1256 458 1322 transposui.
516 1248 701 1323 κάνθρώπων]
720 1256 766 1304 καὶ
785 1248 944 1320 ἀνθρώπων
963 1254 1046 1306 QG.
1069 1256 1233 1308 Lucianeam
1250 1255 1331 1321 hujus

296 1358 390 1393 versus
408 1344 573 1407 scripturam,
600 1359 668 1408 quse
687 1344 733 1391 uui
752 1342 783 1392 G.
802 1342 941 1392 Diodorfio
960 1342 1073 1406 proheta
1091 1348 1139 1402 est,
1159 1343 1232 1392 nullo
1251 1343 1331 1394 modo

296 1430 360 1479 icrri
376 1444 465 1493 posse,
487 1429 535 1479 sed
552 1428 707 1493 Euripidem
730 1429 817 1492 ipsum
841 1430 878 1478 ita
896 1424 1098 1495 scripsisseoir
1122 1420 1145 1476 δ’
1170 1415 1193 1476 οὐ
1215 1422 1331 1496 τύραννε

296 1510 374 1564 θεῶν
397 1530 428 1563 τε
453 1508 630 1579 κάνθρώπων
645 1508 732 1580 Ἔρως
749 1514 784 1563 ad
801 1498 937 1579 Aristoph.
957 1515 1151 1580 Thesmophor.
1168 1530 1194 1579 p.
1215 1513 1264 1565 506
1285 1515 1331 1564 de-

296 1602 449 1652 monstravi.
474 1601 694 1650 Exhndromeda
708 1606 795 1650 autem
810 1601 877 1650 haec
889 1601 997 1650 fluxisse
1012 1600 1085 1651 solus
1096 1601 1175 1652 docet
1183 1601 1331 1651 Lucienus:

276 1686 397 1738 'caeteri
421 1687 514 1736 eadem
537 1688 594 1736 sine
613 1688 720 1735 nomine
738 1687 845 1736 fabulae
865 1702 897 1736 ex
915 1686 1043 1751 Euripide
1062 1688 1185 1746 afferunt,
1205 1692 1232 1736 et
1248 1686 1330 1736 Athe-

295 1789 380 1823 naeus
405 1773 471 1822 xm
495 1789 521 1837 p.
548 1770 607 1833 ihi,
631 1772 663 1821 b:
697 1768 728 1820 οὐ
754 1765 777 1821 δ’
803 1760 826 1821 ci
850 1766 965 1838 τύραννι
991 1770 1071 1822 θεῶν
1096 1789 1126 1822 τε
1153 1766 1332 1839 κάνθρώπων

294 1860 384 1925 Epor,
407 1855 412 1918 Ι
434 1851 451 1922 ἢ
473 1854 510 1922 μὴ
538 1849 651 1907 δίδασκε
673 1854 709 1908 τὰ
727 1852 796 1908 καλὰ
820 1858 974 1923 φαίνεσθαι
991 1852 1070 1917 καλὰ,
1096 1856 1100 1919 Ι
1121 1854 1215 1922 circis
1232 1854 1333 1923 ἐρῶσιν

296 1931 335 1995 οἷν
360 1940 390 1995 σύ
417 1937 585 2012 δημιουργὸς
609 1938 636 1995 sl
655 1943 660 2005 1
681 1942 821 2010 μοχθοῦσι
843 1940 966 2010 μόχθους
991 1940 1105 2009 ςύτυχώς
1122 1940 1282 1995 συνεκπόνει
1305 1951 1333 1994 et

296 2032 429 2082 Stohscus
451 2031 523 2081 Flor.
542 2031 635 2093 LXIV,
656 2031 671 2081 δ
697 2033 855 2091 [secundnm
881 2033 958 2081 codd.
983 2030 1139 2094 Parisinus),
1163 2024 1330 2097 Εὐριπίδου·

297 2114 327 2166 σύ
347 2111 370 2167 δ’
392 2104 414 2166 ώ
436 2113 546 2166 κάκιστε
569 2112 649 2166 θεών
670 2134 701 2165 τε
724 2112 901 2182 κάνθρώπων
912 2113 1007 2183 Ἔρως,
1032 2114 1037 2180 Ι
1058 2113 1077 2181 ἢ
1099 2115 1137 2183 μὴ
1166 2111 1278 2168 δίδασκε
1295 2114 1332 2166 τὰ

295 2197 366 2253 καλὰ
380 2202 532 2268 φαίνεσθαι
548 2197 626 2261 καλὰ,
645 2200 649 2260 Ι
663 2199 683 2267 ἢ
695 2203 754 2257 τοῖς
767 2198 868 2271 ι’ρώσιν
882 2198 997 2268 εὐμενὴς
1008 2203 1171 2271 ααρίστασο.
1188 2203 1331 2266 (Stobaens

296 2292 422 2341 continuo
440 2293 536 2355 pergit,
554 2283 711 2355 Εὐριπίδου
723 2283 920 2354 Ἀνδρομέδας·
933 2284 1041 2355 Ἔρωτα
1051 2316 1083 2325 -
1095 2285 1192 2357 φιλεῖ.)
1216 2291 1329 2341 Valcke-

295 2379 386 2429 narius
403 2380 431 2429 in
448 2377 570 2429 Distribe
589 2395 614 2441 p.
627 2376 676 2427 ¹58
695 2377 806 2428 Stobaei
823 2378 911 2428 locum
931 2377 1009 2427 modo
1027 2394 1082 2429 non
1100 2379 1162 2429 item
1180 2394 1213 2427 ex
1227 2377 1331 2429 Andro·

295 2466 374 2515 meda
391 2466 439 2515 sed
458 2482 492 2514 cx
509 2464 561 2514 alio
581 2464 701 2514 dramate
718 2466 831 2528 petitum
850 2480 909 2513 esse
928 2462 1054 2527 conjecit,
1080 2480 1159 2529 quarn
1178 2466 1331 2529 opinionem

295 2551 330 2601 ad
348 2550 510 2615 Thesmoph.
533 2566 559 2615 p.
581 2549 630 2599 507
657 2566 711 2599 uon
735 2551 804 2600 bene
830 2556 938 2599 secutus
962 2566 1029 2611 sum,
1055 2552 1134 2601 modo
1159 2551 1272 2601 eunden]
1298 2551 1331 2601 ab

294 2637 442 2701 Euripiden
466 2652 499 2685 eo
522 2637 568 2700 qui
590 2637 662 2700 apud
679 2636 846 2686 Athenaeum
871 2641 913 2685 est
935 2651 990 2686 non
1014 2637 1119 2687 differre
1141 2637 1257 2701 ideoque
1283 2652 1331 2701 pro

294 2717 404 2772 κάκιστε
429 2738 462 2771 ex
479 2721 620 2771 Athenaeo
646 2715 764 2786 τύραννε
789 2722 973 2786 reponendum
991 2725 1101 2786 putavit,
1128 2740 1181 2789 qua
1199 2724 1332 2773 sententia

295 2810 361 2860 nihil
383 2810 472 2859 verius
496 2823 556 2858 esse
580 2808 731 2857 Meiuekius
748 2807 845 2857 Philoi.
864 2808 961 2857 Exarc.
980 2809 1006 2857 iu
1025 2808 1193 2859 Athenaeum
1209 2810 1235 2859 II
1252 2825 1278 2874 p.
1297 2808 1331 2859 26
1374 2860 1378 2871 ,

242 2962 244 2967 ,
296 2898 393 2961 optime
404 2895 604 2946 demonstravit.
619 2894 743 2959 Egregiis
749 2893 874 2943 Meinckii
886 2894 1034 2943 rationibus
1044 2894 1331 2958 adjutusA.Nauckius

295 2980 406 3048 (Tragg.
426 2982 521 3031 Graec.
540 2981 648 3046 Fragm.
668 2995 693 3044 p.
713 2977 775 3039 3¹8)
798 2984 871 3029 recte
889 2980 948 3043 ipse
965 2980 1041 3042 vidit,
1064 2983 1092 3029 in
1109 2980 1249 3030 Athenaeo
1270 2979 1330 3030 Sto·

294 3069 390 3119 bacaui
409 3068 462 3117 loci
480 3068 563 3116 ductu
580 3066 653 3115 tertii
667 3066 807 3129 quartique
819 3080 944 3114 versuum
959 3068 1046 3115 exitus
1064 3067 1104 3117 ita
1117 3066 1331 3130 transponendos

294 3171 368 3204 esse:
388 3148 418 3200 σύ
439 3144 461 3200 δ
482 3139 504 3199 οὐ
521 3144 637 3216 τύραννε
654 3146 733 3199 θεῶν
748 3166 778 3198 τε
796 3144 974 3214 κάνθρώπων
985 3145 1080 3218 Ἔρως,
1098 3149 1103 3213 Ι
1122 3146 1141 3216 ἢ
1158 3148 1196 3216 μὴ
1218 3144 1330 3202 δίδασκε

292 3236 327 3289 τὰ
352 3231 422 3287 καλώ
447 3236 600 3303 φαίνεσθαι
623 3230 702 3293 καλὰ,
727 3232 731 3299 Ι
754 3231 773 3300 ἢ
795 3235 854 3288 τοῖς
880 3231 980 3302 ι’ρώσιν
1006 3232 1121 3302 ιύτυχώς
1146 3233 1330 3303 cassandrea!

292 3322 431 3392 μοχθοῦσι
447 3319 578 3389 μόχθους,
599 3308 638 3371 ών
655 3318 686 3371 σὺ
706 3315 874 3389 δημιουργὸς
887 3317 920 3371 εἶ.
947 3324 1106 3390 eruuquarn
1120 3319 1235 3387 εὐτυχῶς
1252 3326 1331 3375 tertio

292 3430 373 3464 uersu
397 3413 485 3463 adhuc
508 3415 670 3473 corruptum
688 3415 737 3459 eat.
772 3410 825 3459 Sed
844 3411 913 3473 fugit
929 3410 1080 3461 Nauckinrn
1099 3411 1116 3461 1.
1135 3412 1153 3461 l.
1172 3427 1199 3477 p.
1220 3409 1279 3469 319,
1303 3412 1331 3459 iu

293 3499 412 3550 Stobaeo
431 3497 527 3548 lemma
539 3487 733 3561 Ἀνδρομέδας,
753 3500 784 3545 ut
801 3496 835 3546 ad
845 3497 1007 3560 Thesmoph.
1017 3513 1042 3560 p.
1052 3495 1102 3546 508
1116 3503 1190 3548 recte
1202 3497 1331 3557 videram,

292 3586 345 3637 hoc
365 3584 445 3634 modo
467 3582 694 3647 transponendum
717 3597 790 3631 esse:
817 3575 973 3645 Εὐριπίδου
989 3575 1183 3648 Ἀνδρομέδας·
1205 3577 1235 3631 οὐ
1249 3574 1278 3637 ,δ’
1298 3564 1332 3617 -’-

292 3670 456 3739 παρίστατο.
490 3661 658 3735 Εὐριπίδου·
678 3662 787 3734 Ἔρωτα
810 3691 843 3701 -
868 3661 945 3732 φιλεῖ
967 3667 1082 3734 ideoque
1105 3670 1236 3719 incertum
1263 3685 1331 3730 esse,

294 3776 309 3809 e
328 3773 443 3824 quanam
459 3756 595 3821 Euripidis
617 3752 758 3818 tragoedia
774 3756 908 3817 posterius
925 3753 1103 3818 fragmentum
1122 3755 1271 3805 derivatum
1288 3756 1331 3805 sit.

292 3846 360 3896 Nam
384 3846 406 3893 si
431 3843 565 3893 Stobaeus
582 3840 737 3889 rescivisset
760 3840 893 3903 posterius
916 3855 975 3889 esse
994 3856 1027 3889 ex
1044 3840 1225 3903 Andromeda,
1249 3843 1331 3892 resci-

293 3933 377 3981 visset
400 3929 452 3979 hoe
475 3928 546 3978 idem
570 3927 690 3989 profecto
716 3926 796 3975 etiam
820 3926 852 3975 de
877 3926 967 3989 priore
990 3941 1023 3975 ac
1047 3927 1162 3977 tumbis
1181 3928 1333 3990 scripsisset

292 4008 449 4081 Εὐριπίδου
464 4002 659 4077 Ἀνδρομέδας,
684 4014 714 4059 ut
737 4009 809 4060 haud
831 4027 890 4061 raro
910 4010 1044 4060 Stobaeus
1066 4012 1131 4062 fecit
1153 4014 1181 4062 in
1199 4012 1332 4063 lemmatis
1405 4062 1415 4067 ,

293 4102 437 4155 coutinuis.
473 4098 575 4148 Contra
601 4100 693 4145 nosue
716 4096 849 4146 lemmatis
873 4098 1080 4160 transpositione
1105 4097 1133 4147 id
1156 4098 1243 4163 ipsum
1267 4114 1330 4148 con·

292 4191 400 4249 timetur,
416 4185 489 4251 quod
498 4184 666 4233 verisnmum
677 4196 737 4232 esse
747 4182 884 4233 Lucienus
895 4181 921 4231 h.
932 4181 949 4231 l.
963 4187 1078 4233 metatus
1094 4188 1143 4233 est.
1195 4169 1283 4233 τᾶλλα
1298 4183 1330 4234 G.

291 4265 378 4323 τᾶλλα
395 4273 418 4322 F
443 4275 471 4321 et
487 4268 579 4333 vulgo.
606 4262 642 4316 τὰ
660 4258 730 4316 ἄλλα
747 4266 859 4319 ΩΦΑΗ.
885 4263 943 4317 τών
960 4261 1029 4317 ἄλλα
1046 4266 1079 4319 A.
1148 4262 1332 4334 ἀναβοώντων

293 4377 336 4414 orn
356 4359 390 4409 Φ.
451 4349 563 4423 θέρους]
587 4348 636 4403 τοῦ
662 4351 766 4421 θέρους
781 4354 814 4406 F.
873 4346 994 4420 πυρέξαι
1015 4350 1056 4420 τι]
1082 4348 1218 4419 sopitas
1243 4355 1278 4404 Φ.
