3050 5160
649 476 863 529 συσσιτίου.
1196 444 1270 516 247

226 644 341 731 -άλλην
367 643 431 731 τήν
459 653 518 733 τῆς
551 653 657 736 ψυχῆς
689 647 743 712 sci
775 651 835 730 τῆς
866 643 1000 733 γνάμαγς
1033 646 1174 721 ἐξέτασιν
1207 643 1276 712 δεῖν

238 751 412 838 γίγνεσθαι
443 752 497 818 καί
529 758 588 835 τῆς
620 758 686 817 τεάν
715 748 938 839 δογμάτων
925 747 1120 836 επιστὴμαγς.
1165 747 1275 815 sm

237 851 460 940 Ἀριστοτέλης
482 854 621 921 luolsiao
644 852 771 940 μάρτυς
792 862 853 920 τοῦ
874 850 983 942 λόγου,
1015 852 1061 927 ἐίς
1089 851 1277 939 ὑπερβολήν

239 955 423 1043 θαυμάσας
445 956 587 1043 Ἑρμίαν
609 956 669 1025 τὸν
692 956 846 1046 εὐνοῦχον
868 981 929 1024 τον
950 961 985 1023 ἐκ
1012 963 1074 1023 τοῦ
1097 955 1277 1042 Ἀταρνέως

239 1059 417 1145 τύραννον,
451 1061 521 1152 ἄχρι
552 1070 613 1129 τοῦ
640 1063 694 1127 καί
723 1060 819 1128 θάειν
850 1060 936 1147 αὐτῷ
965 1058 1047 1127 κατὰ
1076 1059 1180 1127 ταύτά
1209 1073 1278 1133 τοῖς

240 1170 344 1239 θεοῖς.
379 1164 435 1231 ιιαί
453 1192 485 1232 τι
505 1166 560 1231 καί
582 1164 705 1249 ἐτόλμα
727 1167 942 1251 προστιθέναι
966 1162 983 1229 ὁ
1006 1163 1148 1253 Βαγώας
1168 1170 1279 1231 τοιοῦ-

240 1292 310 1345 τον,
337 1267 379 1343 ὡς
399 1268 486 1336 πολὺ
507 1266 765 1355 ἐπιτηδειότερος
788 1268 941 1358 εὐνοῦχος
962 1281 1031 1342 τοῖς
1057 1270 1142 1343 νέοις
1164 1266 1278 1334 διδάσ-

240 1372 353 1451 καλος,
395 1371 471 1439 οὐδὲ
504 1371 660 1460 διαβολήν
693 1399 768 1439 τινα
800 1369 885 1458 πρὸς
925 1369 1044 1446 αὐτοάς
1085 1372 1278 1447 ἐνδέξασθαι

243 1472 427 1560 δυνάμενος
457 1475 593 1543 οὐδὲτὸ
616 1484 677 1543 τοῦ
698 1474 892 1562 Σωκράτους
919 1480 1020 1542 ἐκεῖνο
1043 1474 1189 1563 ἔγκλημα
1210 1499 1279 1540 πα-

245 1714 303 1786 άμα
322 1714 432 1773 δοέλοιι.
469 1724 538 1774 adde
558 1725 702 1783 senarium,
724 1740 802 1790 quem
822 1723 919 1774 Snidas
938 1724 956 1773 l.
974 1723 992 1774 l.
1011 1724 1087 1788 quasi
1101 1724 1279 1787 Hipponactis

242 1823 347 1859 versum
366 1812 404 1860 its
421 1810 521 1860 adfert:
541 1804 670 1874 εὖνοῦγος
694 1804 733 1860 ιδν
750 1813 796 1860 καί
816 1803 915 1864 δοῦλος
931 1797 1016 1877 ἦρχεν
1028 1804 1152 1876 Ἑρμίας,
1179 1810 1240 1859 etl.
1258 1810 1277 1859 l.

242 1895 423 1960 Etymologioi
446 1899 563 1963 scriptor
586 1900 642 1963 ipse
661 1900 750 1962 potius
774 1913 853 1964 qnam
876 1898 975 1947 ibidem
995 1896 1202 1947 Cboerobosons
1219 1901 1278 1945 tan·

244 1996 323 2045 quam
341 1983 492 2034 Aristotelis
510 2001 616 2035 versum
635 1987 674 2034 sio
693 1985 771 2048 legit:
800 1977 927 2047 εὖνοῦχος
945 1977 984 2032 (δν
1001 1985 1048 2032 sal
1066 1974 1198 2035 δοῦλοςό
1220 1981 1279 2046 (pro
1342 2037 1354 2054 ο

244 2061 259 2114 ὁ
279 2069 306 2116 Μ
324 2054 415 2132 ἦρχεν,
435 2070 459 2118 D
478 2065 534 2135 ἡᾷ)
548 2066 671 2137 Ἑρμίας.
708 2072 753 2135 qui
771 2086 866 2120 versus
883 2071 1019 2120 Meinckio
1032 2069 1193 2132 (Choliamb.
1204 2085 1279 2132 ροσε.

245 2170 270 2217 p.
291 2154 352 2214 176)
372 2172 386 2205 e
405 2156 505 2207 celebri
523 2159 642 2223 antiquis
659 2156 825 2220 temporibus
844 2159 971 2217 carmine,
997 2155 1115 2219 Bergkio
1138 2161 1228 2205 autem
1252 2155 1280 2202 in

244 2240 349 2304 Lyricis
369 2241 414 2291 Gr.
433 2258 459 2307 p.
479 2242 529 2293 519
549 2243 591 2293 ed.
610 2259 664 2296 sec.
684 2260 699 2293 e
718 2242 862 2293 subditicio
881 2242 972 2308 aliquo
991 2241 1144 2292 Aristotelis
1163 2241 1280 2290 carmine

243 2326 386 2378 videbatur
403 2330 504 2392 petitos
523 2345 592 2379 esse.
629 2332 710 2379 immo
729 2335 770 2379 est
793 2329 873 2379 nnius
895 2328 1013 2378 Helladii
1037 2343 1132 2378 versas
1150 2326 1281 2376 iambicus

245 2429 277 2463 ex
297 2412 356 2477 ejas
375 2414 598 2477 Chrestomathia‚
617 2416 690 2481 quod
707 2416 859 2465 Meinelsius
876 2430 930 2464 non
949 2415 1025 2476 vidit,
1050 2429 1130 2480 quum
1147 2413 1206 2478 ipse
1225 2427 1280 2462 me·

245 2500 366 2549 misisset
383 2501 501 2551 Helladii
519 2502 592 2567 apud
609 2501 734 2552 Photinm
753 2499 883 2555 motata
899 2516 925 2565 p.
937 2498 996 2557 530,
1010 2499 1055 2551 34:
1073 2496 1123 2562 τῆς
1141 2491 1167 2547 δ’
1183 2492 1281 2562 Ἀταρ-

245 2584 312 2638 νέως
330 2579 419 2645 (τάλις
437 2578 464 2635 δ’
485 2583 552 2653 αὕτη
574 2586 695 2655 Θρᾳκίας
713 2580 786 2653 [sic])
806 2581 935 2650 ἐκτομίας
959 2580 998 2635 ola
1015 2587 1062 2634 ιιαί
1081 2577 1179 2639 δοῦλος
1196 2572 1283 2649 ἧρξεν

240 2665 379 2736 Ἑρμείας.
415 2675 506 2739 itaque
525 2674 666 2725 Helladius
684 2675 815 2738 Dionysio
834 2680 948 2737 tyranno
968 2678 995 2721 et
1013 2670 1162 2736 Agathocle
1180 2685 1281 2719 memo·

245 2760 311 2808 ratis
333 2761 371 2809 ita
393 2764 561 2824 perrexerat:
587 2756 638 2809 τοῦ
663 2752 690 2809 δ’
707 2754 859 2826 Ἀταρνέως
878 2756 883 2823 Ι
905 2751 1033 2820 εὐνοῦχος
1051 2750 1090 2805 ὢν
1112 2759 1159 2805 sat
1184 2748 1283 2808 δοῦλος

246 2830 332 2909 ἧρξεν
349 2839 472 2910 Ἐργίας.
509 2846 617 2897 omnino
646 2852 735 2897 sutem
755 2841 870 2912 Ἑρμίας
896 2844 1016 2895 secunda
1038 2849 1163 2907 correpta
1184 2857 1283 2893 nomen

246 2932 298 2980 snit
314 2932 420 2982 servile.
455 2932 517 2982 talis
536 2938 578 2983 est
594 2934 675 2983 etiam
687 2933 811 2983 Hermiae
829 2930 908 2992 (siae,
926 2929 1048 2990 Hermia)
1067 2926 1282 2980 servusM.¹l'ul·

247 3016 276 3066 lii
294 3017 434 3068 Ciceronis
451 3019 479 3068 in
496 3019 566 3082 Epp.
585 3019 618 3069 ad
637 3020 713 3069 Fam.
729 3018 800 3080 XVI,
820 3017 852 3070 15
871 3018 950 3068 etad
970 3018 1002 3078 Q.
1021 3017 1066 3066 Fr.
1086 3017 1108 3076 1,
1128 3016 1155 3078 2,
1172 3016 1198 3065 1.
1235 3013 1284 3064 sed

241 3096 372 3169 Ἑρμείας
389 3119 476 3169 aeque
493 3120 631 3169 graecum,
649 3121 666 3155 a
678 3106 767 3169 priore
786 3109 984 3155 tamennomen
1001 3103 1052 3153 fuit
1070 3103 1213 3153 diversum.

245 3251 406 3324 Ἀταρνέως]
425 3205 569 3323 ιἰταρνέίάά
579 3259 613 3309 Φ.
650 3252 824 3324 άταρνίωςα.
896 3251 959 3324 ι’ίγρι
975 3255 1025 3308 τοῦ
1044 3259 1092 3307 καί
1108 3252 1200 3321 θάειν]
1214 3257 1284 3308 hanc

250 3345 412 3395 calumniam
433 3344 552 3396 Solonas
570 3348 669 3411 optimc
690 3345 814 3409 explosit.
852 3345 901 3394 sed
919 3346 1094 3395 commoratio
1117 3345 1188 3409 apud
1212 3345 1284 3394 hiano

250 3431 379 3481 Hermian
403 3431 543 3495 diuturne,
570 3432 686 3497 hymnus
709 3433 755 3498 qni
779 3435 865 3481 exstat
892 3435 919 3481 ot
940 3432 1051 3495 nuptiae
1078 3430 1177 3481 ibidem
1201 3431 1284 3478 initae

215 3522 217 3527 '
250 3533 374 3582 msgnam
392 3518 520 3569 invidiam
539 3518 678 3568 Aristoteli
697 3517 856 3578 conflarunt,
880 3533 934 3567 non
957 3519 1020 3567 item
1039 3517 1186 3567 Xenocrati
1205 3514 1285 3578 hujus

250 3605 353 3655 itineris
372 3606 462 3655 comiti
480 3604 552 3665 (vide
571 3603 731 3655 Strabonem
749 3604 823 3667 XIII,
843 3602 855 3653 1
876 3619 902 3668 p.
921 3601 993 3663 610).
1071 3600 1122 3650 ιιαί
1135 3616 1164 3649 τι
1186 3601 1234 3647 καὶ
1253 3598 1283 3648 O.

250 3687 300 3739 καί
313 3706 342 3740 τι
360 3690 395 3742 Φ.
430 3689 523 3740 καίτοι
540 3692 587 3739 καί
604 3707 630 3741 v.
715 3682 823 3751 έπιτηδ.
841 3715 875 3724 -
894 3679 1070 3750 διδάσκαλος]
1089 3686 1178 3736 malim
1196 3689 1285 3735 trans·

251 3792 367 3841 ponere:
394 3769 621 3843 ἰιιιτηδειδτερας
642 3774 717 3830 τοῖς
739 3775 835 3829 νέοις
859 3768 1023 3836 εὐνοῦχος
1040 3762 1215 3824 διδάσκαλος.

252 3856 431 3928 ἐνδέξασθαι]
450 3855 632 3922 ἐνδείξασθαι
650 3864 686 3914 Φ.
722 3867 751 3913 st
764 3859 997 3913 videAbdiest.7.
1026 3864 1069 3910 est
1083 3856 1285 3911 lstinnmillnd:

252 3952 419 4016 recipere.
456 3950 506 4002 sed
523 3953 551 4001 in
569 3951 705 4002 Prometb.
722 3947 779 4011 1‚6
804 3948 867 3999 olim
891 3947 991 3997 frustra
1008 3945 1192 4010 conjeceram:
1220 3935 1286 3993 οίδέ

253 4031 381 4103 &papate
402 4029 569 4102 ε’νδοχὸμενα
592 4035 653 4102 (pro
673 4028 836 4100 ἀνεχόμενα)
857 4028 910 4098 τὴν
932 4030 1089 4083 κοινωνίαν.
1170 4023 1236 4080 otte
1253 4024 1286 4078 τὸ

251 4104 304 4172 τοί
322 4122 380 4174 ΟΦ.
417 4115 483 4173 otta
505 4119 555 4173 τοῦ
579 4139 605 4175 v.
682 4117 798 4186 παθιῖν]
822 4113 919 4186 λαβεῖν
946 4119 1064 4171 Cobotes
1082 4118 1115 4169 V.
1133 4117 1165 4167 L.
1189 4133 1215 4182 p.
1237 4114 1287 4167 llb

254 4208 372 4272 conjecit
393 4208 514 4260 fortassis
537 4214 620 4260 recte.
702 4203 739 4261 ὥς
762 4201 796 4257 ἂν
813 4200 1003 4273 διαφθείρων]
1020 4206 1060 4255 ita
1077 4203 1191 4254 correxi.
1227 4199 1288 4250 libri

255 4286 289 4341 ιλν
307 4288 343 4346 ὡς
358 4285 546 4362 διαφθείρων.
582 4294 634 4345 hoo
658 4293 737 4344 dicit:
762 4294 849 4358 ‚qnasi
871 4292 1059 4343 adolescentes
1083 4281 1286 4352 corrumperet.‘

252 4378 315 4429 side
333 4379 507 4446 Philopseasl.
528 4377 570 4443 11,
585 4378 718 4431 Alexand·
739 4376 782 4443 eo,
800 4378 908 4430 Patriae
925 4378 1038 4428 Enoom.
1057 4374 1084 4426 8.
