3050 5160
276 411 352 483 240
680 441 908 492 Λοειιικεοε

276 610 376 689 αὐτὸς
406 611 524 697 εἰιλείηκ
548 613 567 679 ὅ
588 637 620 679 ει
649 636 701 679 σοι
727 610 767 678 τὸ
797 609 961 698 κεκινηκὸς
991 614 1040 697 εἴη
1067 609 1128 679 κὰκ
1148 617 1311 678 τοσοῦτον
1400 616 1405 623 ’

208 736 259 789 3⁵2
275 720 407 807 γέλωτα.
442 721 462 760 ⁴*
487 720 519 786 3.
556 717 668 783 AYK.
696 718 1002 803 contracertantes,
1027 711 1051 783 ὦ
1074 713 1246 802 Πάμφιλε,
1270 713 1312 788 ὡς

277 821 391 902 οἶσθα,
416 828 450 888 ἐκ
470 822 625 909 βασιλέως
647 819 842 908 μισθοφορά
865 846 914 896 τις
936 820 977 887 οὐ
998 818 1106 907 φαύλη
1128 816 1211 886 κατὰ
1232 820 1309 908 γε’κη

275 939 345 1001 τοῖς
376 924 585 1013 φιλοσόφοις,
620 927 774 1001 Σκιοῆιοῖς
806 927 884 1015 λέγει
917 924 971 990 καὶ
1003 925 1226 997 Πλατωνικοῖς
1258 923 1311 987 καὶ

271 1029 505 1116 Ἐπικουρείοις
527 1035 574 1096 ἔτι
597 1028 707 1095 δὲκαὶ
729 1043 798 1105 τοῖς
820 1035 853 1096 ἐκ
879 1038 938 1095 τοῦ
962 1028 1157 1116 περιπάτου,
1187 1024 1229 1094 τοὶ
1257 1028 1311 1092 ἴσοι

275 1133 403 1208 τούτοις
425 1135 560 1201 ἅπασιν.
591 1133 656 1199 ἔδει
680 1133 713 1199 tt
737 1131 973 1210 ἀποθανόντος
995 1133 1103 1201 αὐτῶν
1113 1158 1202 1209 τινος
1214 1131 1311 1198 ἄλλοι

349 1330 374 1382 3.
411 1326 597 1395 συντέτακται]
617 1332 651 1382 ab
669 1330 705 1381 hl.
725 1331 870 1382 Antonino.
906 1347 967 1381 nam
986 1330 1205 1396 philosophorum
1225 1329 1311 1395 digui-

275 1423 317 1470 tas
336 1417 494 1478 (secundnm
512 1419 627 1483 Digesta
644 1418 746 1468 xxvii
768 1418 800 1468 T.
820 1418 831 1468 1
856 1417 898 1481 ‚ds
917 1418 1147 1469 excusationibus‘
1170 1416 1186 1479 A
1205 1416 1233 1478 8)
1254 1416 1311 1481 jam

276 1506 310 1557 ab
328 1505 447 1570 ‘l'rajano
466 1510 493 1554 ct
510 1505 648 1555 Hadriano
667 1505 807 1567 inchoata,
830 1505 865 1555 ab
884 1506 1018 1555 Antonino
1038 1506 1086 1555 Pio
1104 1510 1194 1562 ancta,
1220 1505 1254 1554 ab
1274 1503 1310 1552 n.

275 1593 412 1643 Antonino
430 1591 538 1657 longina
560 1596 690 1656 provecta
708 1597 756 1640 est.
795 1592 828 1641 de
847 1592 982 1643 Antonino
1002 1592 1049 1642 Pio
1071 1591 1098 1641 id
1117 1596 1226 1656 praeter
1243 1590 1311 1640 alios

276 1679 444 1744 Capitolinus
462 1694 486 1727 c.
500 1677 530 1729 11
550 1684 672 1729 testatur.
696 1683 724 1728 st
741 1680 854 1742 primum
872 1678 910 1728 illi
930 1679 1018 1729 minna
1031 1677 1198 1728 luculentum
1216 1677 1310 1726 etiam·

275 1771 340 1816 tunc
367 1764 528 1831 stipendium
555 1771 733 1829 acceperant,
761 1765 868 1830 qnando
896 1766 988 1816 decies
1014 1765 1140 1816 millenae
1167 1765 1311 1831 quotannis

275 1852 420 1904 drachmae
438 1845 559 1916 (μύριοι)
578 1852 612 1901 ab
631 1852 725 1902 Marco
749 1852 854 1901 demum
875 1853 914 1902 eis
938 1853 1018 1903 datas
1036 1856 1099 1902 snnt
1116 1858 1228 1903 auctore
1246 1852 1309 1901 Phi-

275 1941 387 1990 lostrato
406 1939 460 1989 vin
479 1937 562 2003 Soph.
581 1939 617 2001 11,
635 1939 652 1992 2
670 1955 696 2004 p.
718 1936 776 1991 566.
813 1939 919 2001 deindo,
938 1944 968 1989 nt
985 1938 1011 1989 h.
1029 1938 1048 1990 l.
1066 1937 1108 2001 §3
1127 1939 1198 2004 apud
1212 1939 1309 1989 Lucia·

275 2042 338 2077 num
358 2031 408 2088 ost,
426 2026 475 2076 sub
494 2025 587 2076 Marco
606 2032 722 2092 quatuor
739 2030 831 2076 sectae
848 2025 927 2075 binos
937 2025 1050 2076 Athenis
1067 2026 1243 2091 philosophos
1261 2025 1309 2077 ha·

273 2113 392 2164 buerunt
418 2117 493 2163 tanto
516 2113 652 2177 stipendio
679 2112 795 2163 dotatos.
831 2118 926 2163 contra
952 2111 1184 2177 philosophorum,
1214 2114 1310 2181 quibus

275 2201 427 2252 Antoninus
436 2199 502 2250 Pius
519 2198 620 2250 salaria
637 2198 762 2261 deferret,
781 2215 908 2249 numerus
926 2199 960 2248 ob
980 2216 1071 2250 corum
1090 2201 1136 2266 qui
1153 2205 1312 2267 tumescent

174 2346 177 2352 Ι
274 2287 427 2352 philosophi
444 2288 609 2352 paucitatem
627 2285 745 2336 nondum
765 2291 824 2336 erat
841 2285 976 2343 delinitus,
995 2288 1034 2336 nti
1053 2302 1068 2337 a
1085 2287 1191 2352 Dignst.
1210 2286 1311 2336 xxvn

275 2374 308 2424 Τ.
327 2373 338 2423 Ι
360 2370 376 2435 Ξ
395 2370 411 2424 7
429 2374 487 2423 init.
524 2378 598 2423 certo
623 2372 744 2437 adparet.
781 2372 829 2422 sed
854 2390 879 2423 a.
903 2371 1009 2422 demum
1034 2371 1084 2423 176
1106 2389 1133 2438 p.
1156 2374 1231 2435 Chr„
1257 2390 1310 2438 qno

275 2476 346 2512 anno
366 2460 487 2510 Marcum
505 2459 640 2508 initiorum
660 2473 744 2508 causa
761 2458 873 2508 Athenis
891 2458 974 2508 tuisse
993 2475 1058 2510 sans
1077 2464 1196 2522 constat,
1221 2461 1311 2510 atticis

274 2546 449 2611 philosophos
459 2546 611 2610 magistros,
629 2543 796 2608 philosophis
813 2542 914 2611 pvptnc
931 2547 1045 2609 primum
1060 2546 1309 2612 datasssseXiphi-

274 2633 345 2683 linus
364 2632 441 2696 quasi
459 2647 474 2682 e
492 2631 580 2682 Dione
596 2630 690 2681 Cannio
709 2629 752 2693 71,
771 2629 802 2682 31
822 2631 868 2682 tin.
903 2631 1024 2682 tradidit:
1045 2634 1155 2697 quaesi
1174 2640 1249 2684 corta
1267 2649 1308 2683 cs·

276 2723 345 2781 sent,
363 2723 523 2785 sequeretur
539 2716 700 2767 Eunuchum
720 2717 803 2767 multo
821 2722 884 2781 post
900 2734 998 2768 anuum
1018 2718 1068 2770 lid
1088 2720 1216 2784 scriptum
1236 2735 1309 2769 esse:

275 2805 390 2870 scriptus
415 2810 456 2855 cst
479 2805 550 2855 enim
575 2808 637 2869 post
658 2809 771 2854 mortem
798 2803 903 2854 demum
927 2802 1099 2869 Peripatetici
1123 2802 1195 2866 (vids
1214 2804 1230 2866 5
1249 2802 1265 2855 3
1283 2810 1312 2855 et

274 2889 338 2954 11),
358 2892 404 2958 qui
420 2888 522 2958 μορίας
539 2891 682 2956 quotannis
701 2895 729 2939 et
745 2891 803 2955 ipsc
810 2889 1029 2955 jsmaccsparat.
1057 2897 1086 2941 nt
1094 2891 1213 2942 nondum
1221 2907 1310 2956 nequa

275 2977 412 3042 xiphilino
431 2977 547 3028 accredo
565 2991 654 3041 usque
672 2976 699 3026 J.
718 2977 840 3027 Zonaras
859 2976 885 3026 11
903 2992 928 3040 p.
941 2975 991 3028 530
1009 2977 1051 3031 ed.
1070 2977 1178 3041 Pinder‚
1197 2993 1309 3044 quorum

273 3064 318 3114 hic
336 3063 400 3113 alibi
418 3063 582 3113 Antoninum
600 3063 676 3112 Pium
695 3068 723 3113 at
739 3064 903 3113 Antoninum
919 3063 1107 3128 philosophum
1125 3064 1196 3115 male
1216 3065 1309 3115 contn-

276 3149 323 3211 dit‚
341 3149 388 3200 scd
407 3154 545 3200 auctorem
563 3151 591 3199 in
609 3150 686 3200 tanta
708 3164 737 3199 re
756 3164 856 3214 qrrnero
875 3148 956 3214 longe
975 3151 1135 3213 graviorem.
1171 3167 1233 3201 nam
1250 3152 1310 3215 ipso

275 3236 363 3286 Dione
386 3237 470 3287 inrito
493 3235 624 3286 audacter
647 3234 811 3299 conjicerem
831 3236 888 3299 jam
914 3236 963 3285 sub
986 3238 1109 3301 auspicia
1132 3238 1209 3302 regni
1237 3237 1311 3287 circa

275 3338 301 3373 s.
321 3319 368 3373 161
394 3322 428 3372 ab
446 3323 539 3373 Marco
564 3321 724 3386 philosopho
749 3326 777 3371 et
799 3321 1019 3388 philosophorum
1041 3328 1155 3388 patrono
1179 3322 1310 3387 ejusmodi

275 3407 385 3460 scholas
402 3408 515 3460 Athenis
533 3408 641 3474 publice
660 3407 782 3459 conditas
802 3423 877 3469 esse,
900 3425 989 3474 nequa
1005 3410 1099 3474 paullo
1116 3413 1179 3461 ante
1197 3415 1310 3460 mortem

274 3494 354 3560 hujus
371 3496 541 3560 imperatoris
565 3512 636 3547 anno
656 3496 733 3559 regui
750 3495 839 3555 XVI&
859 3496 940 3547 condi
956 3498 1092 3563 potuisse,
1116 3512 1169 3563 quo
1188 3502 1310 3561 tempore

274 3582 383 3633 Marcus
400 3583 552 3634 Antoninus
575 3599 640 3633 snae
663 3583 759 3632 aetatis
782 3582 957 3647 philosophos
979 3582 1036 3647 jam
1059 3585 1118 3648 ipse
1141 3582 1221 3633 valde
1245 3598 1309 3633 con-

273 3674 394 3721 temnere
413 3674 541 3735 coeperat
558 3663 603 3734 (ds
621 3684 675 3734 qna
693 3685 721 3720 re
740 3670 804 3719 nudi
823 3670 955 3721 Galenum
965 3669 1029 3720 v111
1037 3686 1064 3735 p.
1074 3670 1126 3722 848
1144 3667 1311 3730 editham).

273 3756 327 3808 huc
345 3757 461 3822 accedit,
480 3756 553 3822 quod
571 3756 679 3806 Marcus
693 3754 812 3820 jndicio,
837 3757 865 3806 iu
884 3772 937 3821 quo
961 3757 1114 3822 philosophi
1132 3756 1243 3807 Athenis
1261 3756 1309 3807 ali-

274 3843 357 3910 gendi
376 3848 474 3904 essent,
492 3847 561 3894 teste
579 3842 742 3895 Philostrato
761 3843 796 3902 ΙΙ,
814 3843 831 3896 2
848 3858 976 3908 praeesse
990 3842 1073 3908 jussit
1090 3843 1228 3895 Herodem
1245 3845 1309 3895 atti·

275 3945 350 3981 cum:
369 3931 416 3995 qni
433 3932 539 3980 tametsi
549 3946 621 3981 anno
632 3929 682 3981 176
701 3943 762 3980 mea
778 3932 914 3981 sententia
930 3929 1019 3982 adhuc
1037 3931 1065 3980 in
1082 3931 1151 3981 viris
1168 3930 1220 3981 fuit
1237 3928 1311 3991 (nam

274 4015 303 4065 id
320 4029 429 4082 quoqne
447 4014 481 4066 ab
499 4015 559 4065 aliis
577 4022 704 4082 negatum
724 4014 790 4077 est):
812 4021 903 4067 tamen
925 4032 979 4069 nou
1003 4016 1090 4068 solum
1113 4032 1198 4068 anuos
1216 4016 1312 4068 habuit

274 4101 336 4166 plus
354 4102 536 4167 septuaginta,
554 4101 603 4152 sed
620 4104 708 4153 minus
726 4118 806 4168 quam
825 4107 906 4155 antea
922 4103 995 4168 apud
1011 4103 1133 4155 Marcum
1147 4103 1311 4153 Antoninum

274 4188 325 4238 fnit
341 4189 485 4254 gratiosus.
518 4187 573 4252 jam
594 4188 627 4239 de
645 4204 748 4240 summa
764 4190 898 4253 pecuniae
916 4204 1032 4247 annuae,
1053 4204 1122 4255 quaa
1141 4205 1158 4239 a
1174 4188 1311 4254 plerisque

273 4267 375 4340 μύριαι
392 4274 527 4338 dicuntur,
550 4274 683 4327 dubitatio
706 4276 801 4327 incidit
824 4280 933 4341 propter
954 4277 1064 4326 unicum
1087 4275 1178 4326 locum
1202 4275 1312 4326 Tatiani

275 4359 322 4412 Or.
340 4361 376 4414 ad
395 4361 441 4414 Gr.
462 4359 496 4418 32
513 4377 540 4429 p.
559 4362 606 4417 7⁰:
630 4378 711 4429 quam
729 4361 925 4413 dubitationem
944 4359 1093 4414 Salmasius
1111 4360 1146 4413 ad
1164 4360 1312 4428 Capitolini
