3066 5162
238 276 290 331 111

238 450 371 530 quantur
402 443 540 523 eodloes,
573 450 625 509 aut
656 445 743 511 valde
769 462 875 508 omnes
900 445 1071 529 interpolati
1097 454 1188 526 sunt,
1223 454 1276 513 unt

237 568 381 631 lectiones
422 572 549 645 parente
588 572 677 629 natae
716 573 788 630 sunl
827 566 966 645 inserto,
1007 567 1135 650 primum
1175 568 1274 632 codex

236 687 391 771 Reginaldl
420 685 483 748 Poll
511 686 588 765 (Τ),
621 687 708 769 euius
737 693 881 769 excerpto
911 688 947 751 ad
977 687 1180 768 ,Parasitaml‘
1214 706 1273 754 us-

236 826 295 890 que
328 806 546 888 procedebant;
580 813 699 870 oaowra
727 824 840 869 aranea.
896 807 992 892 liujus
1023 827 1091 873 oum
1125 810 1173 872 ed.
1198 810 1276 880 Flo-,

233 929 351 992 reatina
374 916 610 992 consumment.
633 927 808 991 Perizonius
831 928 894 991 aliis
916 929 1060 993 utendam
1081 930 1171 994 dedit
1215 931 1273 994 lii-

234 1049 301 1113 dem
342 1048 498 1111 Perizonio
533 1048 681 1111 debentur
716 1048 924 1132 christophori
964 1049 1092 1134 Longoli
1129 1058 1273 1133 excerpts

235 1169 296 1247 (U)
325 1188 366 1232 ex
394 1168 480 1232 oodd.
511 1186 583 1232 mss.
614 1188 682 1232 oum
711 1169 819 1232 Aldina
855 1170 956 1252 priore
989 1171 1114 1237 collatis.
1166 1171 1272 1237 Codex

232 1290 260 1353 J.
276 1290 311 1355 G.
329 1289 438 1354 Graevi
454 1289 518 1368 (V)
535 1298 657 1372 praetor
677 1290 783 1355 librum
806 1291 844 1354 de
859 1297 956 1354 morto
973 1293 1138 1376 Peregrini,
1161 1293 1272 1357 Chari-

233 1412 351 1475 demum
373 1417 405 1474 et
427 1411 606 1495 philopatrio
630 1418 767 1476 caeteros
791 1430 897 1476 omnes
912 1413 1034 1476 Luciani
1050 1414 1168 1478 videtur
1182 1433 1271 1480 oom-

232 1533 340 1616 plerus
362 1532 466 1596 luisse.
512 1532 606 1616 Cujus
628 1533 660 1597 in
681 1550 737 1596 sua
760 1533 892 1597 editione
914 1532 1101 1610 (dmstelod.
1125 1554 1151 1599 a.
1168 1533 1270 1613 1687)

232 1673 325 1736 saepo
346 1654 413 1735 ipso
429 1652 576 1717 Graevius
599 1654 638 1716 ita
654 1654 834 1718 mentionem
849 1654 930 1733 iecit,
952 1660 987 1717 ut
1000 1674 1069 1718 eum
1093 1657 1272 1739 ,optimum‘

232 1794 303 1839 esse
326 1773 459 1838 oodioem
483 1774 678 1856 praedicaret.
717 1775 810 1839 immo
832 1793 893 1838 non
910 1777 1041 1858 optimus
1063 1782 1112 1840 est
1134 1778 1183 1841 ille
1198 1778 1271 1859 qui·

120 1886 125 1894 ’
231 1898 309 1975 dem,
331 1895 386 1959 sed
409 1896 533 1979 propior
556 1896 705 1979 pessimo,
729 1896 833 1959 melior
856 1904 955 1960 minen
979 1916 1068 1979 quam
1091 1898 1139 1963 ed.
1164 1898 1272 1962 Aldina

230 2018 365 2082 seeundo
395 2017 525 2099 ideoque
554 2016 584 2078 in
607 2015 692 2079 Gallo
720 2023 751 2079 ot
774 2016 920 2100 ejusmodi
948 2018 1075 2103 dialogis
1098 2036 1159 2099 oon
1183 2021 1271 2101 plane

231 2140 432 2223 spernendus.
470 2137 537 2203 Non
559 2138 625 2220 ipse
641 2137 798 2217 Graevius,
821 2138 877 2202 sed
899 2138 974 2201 alius
998 2140 1043 2201 vir
1058 2139 1166 2204 doetus
1182 2141 1271 2224 hujus

235 2262 302 2325 libri
333 2262 480 2326 lectiones
517 2259 644 2343 margini
679 2258 726 2322 ed.
754 2259 945 2323 Florentinis
979 2259 1153 2343 adscripsit,
1172 2302 1174 2306 »
1190 2263 1271 2344 quod

230 2384 387 2465 exemplar
407 2381 626 2464 Heidelbergae
648 2381 766 2443 servari
790 2380 978 2443 dermannus
1002 2382 1115 2457 (Praei.
1139 2381 1177 2445 ad
1197 2381 1270 2446 Lus.

231 2505 277 2567 Its
291 2522 409 2567 oooser.
422 2503 488 2565 lvist.
506 2523 534 2584 p.
546 2501 662 2578 Xlllll)
685 2500 802 2564 doouit:
826 2500 876 2582 qui
893 2521 984 2583 quom
997 2502 1147 2567 interdum
1162 2502 1269 2566 eodem

233 2628 300 2689 loeo
329 2625 404 2689 duas
436 2623 581 2686 lectiones
613 2622 748 2685 adnotari
781 2621 921 2701 vidisset,
952 2623 1054 2687 vnaluit
1083 2623 1272 2686 adsentiente

229 2747 379 2812 tneooitio
401 2744 498 2808 Prael.
522 2764 551 2827 p.
574 2742 700 2805 xxxiv
723 2763 763 2805 ex
786 2761 846 2807 uno
870 2744 927 2807 lvoo
950 2745 1055 2809 oodioe
1078 2746 1155 2809 duos
1177 2746 1269 2809 ellin-

230 2886 320 2954 gere,
348 2885 437 2949 quam
468 2864 578 2928 variam
602 2863 761 2927 lectionem
787 2888 838 2953 γρ.
863 2865 1013 2948 signatam
1042 2867 1072 2928 in
1101 2868 1159 2929 lvoo
1180 2870 1271 2930 unioo

229 2990 334 3054 codiee
357 2989 532 3051 observare.
576 2985 689 3049 Eodem
711 2985 759 3049 ed.
775 2986 965 3050 Florentinis
987 2986 1151 3070 exemplari
1173 2988 1269 3052 laco-

231 3113 320 3175 bilius
350 3111 381 3172 in
405 3108 535 3171 Luoiano
567 3124 642 3171 usus
665 3111 722 3170 est.
766 3108 809 3170 lta
831 3106 878 3185 lit,
909 3115 942 3170 ut
972 3107 1010 3171 de
1038 3109 1127 3192 hujus
1157 3108 1269 3172 oodiois

230 3231 388 3313 seripturis
405 3229 584 3310 saepissime
595 3227 651 3291 alia
668 3227 815 3292 Graevius
833 3229 862 3290 in
881 3229 1083 3309 adnotatione,
1106 3230 1269 3294 aliniaco-

232 3355 321 3418 bitius
336 3351 442 3414 tradat.
473 3349 648 3430 Quanquam
660 3350 727 3432 plus
741 3349 809 3413 lidei
820 3348 968 3414 Graevius
981 3350 1019 3414 de
1031 3370 1089 3415 suo
1102 3352 1198 3435 ipsius
1210 3371 1269 3415 oo·

231 3477 296 3541 dieo
308 3474 414 3537 habet:
433 3471 580 3535 interdum
596 3476 696 3533 tamen
709 3476 869 3554 utrumque
883 3472 1038 3536 nominare
1050 3478 1174 3537 ooaotua
1186 3491 1269 3550 sum3

230 3600 408 3682 plerumque
438 3610 512 3657 vero
541 3611 659 3656 omnem
690 3592 776 3655 istam
813 3592 901 3675 lvuJ'us
932 3592 1059 3657 eodioilli
1090 3597 1269 3678 scripturam

230 3718 397 3803 praeterire
426 3715 535 3779 lioebit.
588 3713 688 3778 Verbo
718 3715 861 3797 ottingam
889 3714 1035 3778 leoliones
1065 3736 1084 3778 e
1117 3718 1297 3801 ,margins

228 3839 410 3925 exemplaris
441 3836 569 3900 Aldinae
596 3836 710 3920 primae
741 3835 996 3920 Wesselingiani“
1020 3837 1083 3915 (l)
1113 3837 1269 3902 alleileio

229 3962 406 4044 descriptus,
429 3978 506 4042 quae
519 3958 626 4042 partim
642 3957 688 4022 od.
703 3957 893 4021 Florentinae
908 3958 1071 4022 varietates
1087 3966 1168 4039 sunt,
1192 3977 1267 4042 pnr-

229 4085 281 4148 lim
304 4082 365 4161 (uti
388 4081 521 4146 lieitzius
545 4081 623 4144 bene
644 4078 793 4163 oonjeoit)
817 4079 958 4161 antiquae
979 4079 1124 4145 lectiones
1148 4098 1187 4143 ex
1207 4098 1268 4145 uno
1343 4100 1349 4109 ·

172 4185 181 4202 ⁸
229 4206 364 4271 alterove
376 4203 480 4268 oodloe
491 4202 596 4282 (adde,
613 4202 726 4284 optimo
738 4200 863 4280 oodioe)
875 4207 1048 4283 excerptae.
1075 4201 1216 4266 Nonnulli
1229 4223 1268 4267 ex

230 4328 276 4393 ivis
288 4327 461 4393 lieitziaoae
473 4323 626 4389 oodioilvus
639 4340 720 4386 nune
731 4322 833 4403 latent,
845 4321 924 4385 sieut
934 4321 1022 4385 etiarn
1037 4322 1064 4385 is
1080 4322 1118 4387 de
1131 4343 1193 4406 quo
1206 4342 1268 4389 uno

230 4449 440 4530 nondumdiai,
455 4446 552 4515 sodex
567 4445 759 4530 ,vulgatae“:
782 4442 833 4527 qui
846 4442 1013 4528 eujusmodi
1024 4443 1124 4527 luerit,
1139 4464 1190 4511 res
1202 4447 1269 4532 ipsa
