3066 5162
290 414 365 489 146
693 442 922 496 Λοτωιιου

289 611 455 703 θαλάττῃ,
488 617 520 679 σί
549 612 585 680 δὲ
613 614 633 680 ὅ
661 638 693 680 τι
723 613 765 680 ἂν
794 622 928 690 &occec
957 609 1118 701 ἐπινοὴοη
1139 610 1240 680 ταῦτά
1268 637 1330 699 μοι

288 715 531 806 προσάπτουσι.
561 715 791 785 τάτσλευταῖα
814 718 923 785 δὲκαὶ
950 715 988 785 τὸ
1015 724 1083 805 φῶς
1113 715 1195 785 αὐτὰ
1216 719 1331 784 κλοπι-

289 821 394 911 μαίάν
414 849 451 889 τε
472 822 526 889 καί
547 818 656 889 νόθον
677 821 764 889 εἶναί
782 822 845 908 μοί
865 846 967 908 φασιν
988 821 1120 888 άνισθεν
1140 815 1222 906 ἡκον
1237 818 1328 906 παρά

289 936 350 996 τοῦ
371 927 477 1012 ἡλίου,
509 929 562 993 καί
585 927 622 995 οὐ
647 926 813 994 παύονται
839 929 892 993 καί
921 924 1005 1013 πρὸς
1026 921 1146 994 τοῠτάν
1167 951 1212 1012 με
1234 924 1330 991 etet-

289 1030 357 1120 φάν
379 1031 459 1099 ὄντα
483 1039 679 1121 συγκροῦσαι
706 1033 760 1097 καί
783 1028 956 1098 στασιάσαι
983 1029 1253 1117 προαιρούμενοι.
1290 1027 1328 1094 σά

289 1135 353 1226 γάρ
384 1134 478 1203 ίκανά
507 1130 551 1220 ἡν
573 1135 687 1212 αὐτοῖς
708 1137 730 1200 ά
751 1136 826 1221 περί
856 1134 957 1201 αὐτοῦ
982 1134 1126 1221 εἰρήκασι
1154 1141 1213 1202 τοῦ
1235 1132 1330 1218 ἡλίου

288 1240 389 1309 λίθον
421 1237 525 1307 αὑτὸν
555 1239 638 1307 εἶναι
670 1242 724 1306 καί
756 1238 887 1326 μύδρον
916 1238 1090 1325 διάπυρον.
1138 1242 1189 1306 21.
1223 1237 1327 1304 καίτοι

290 1342 382 1413 πάσα
413 1341 473 1433 lyei
497 1343 739 1429 συνεπίσταμαι
769 1343 881 1420 αὐτοῖς
909 1345 932 1409 ii
958 1342 1141 1429 πράττουσι
1168 1350 1234 1409 τῶν
1255 1367 1331 1409 νυκ·

290 1456 357 1515 τῶν
379 1444 491 1539 αίσχρά
515 1449 569 1514 καί
596 1447 809 1515 κατάπτυστα
832 1452 864 1515 σί
885 1447 962 1532 μεθ’
986 1446 1117 1533 ἡμέραν
1139 1445 1331 1533 σκυθρωποί

290 1553 345 1619 καλ
367 1550 542 1638 ἀνδρώδεις
563 1550 601 1618 τά
623 1553 758 1639 βλέμμα
780 1553 833 1618 καλ
854 1549 894 1619 τὸ
917 1560 1027 1640 σχῆμα
1050 1551 1166 1637 σεμνοί
1187 1553 1241 1617 καί
1262 1546 1329 1616 ὑπὸ

290 1664 356 1723 τῶν
384 1655 519 1723 ἰδιωτῶν
546 1653 818 1742 ἀποβλεπόμενοι
825 1684 839 1737 ,·
871 1653 958 1744 noys}
990 1659 1055 1740 μὲν
1083 1663 1188 1721 ταῦτα
1221 1653 1330 1740 ὁρῶσα

221 1876 273 1931 wo
292 1862 485 1949 διαφωτίσαι
508 1867 528 1905 ¹*
549 1859 609 1939 τὰς
637 1863 823 1951 νυκτερινὰς
853 1864 976 1939 ἐκείνας
1004 1859 1171 1950 διατριβάς
1196 1863 1250 1928 καί
1270 1859 1331 1929 τὸν

291 1967 345 2032 ἐπί
379 1974 499 2051 σκηνῆς
532 1964 672 2035 ἑκάστου
702 1968 789 2055 βίον,
826 1965 905 2034 ἀλλά
934 1966 996 2033 κάν
1024 1992 1099 2034 τινα
1134 1967 1192 2033 ίδιι
1222 1966 1331 2033 αὐτῶν

289 2067 488 2159 μοιχείιοντα
509 2069 532 2155 ἡ
551 2073 732 2140 κλέπτοντα
752 2073 775 2158 ἡ
796 2072 872 2139 ἄλλο
894 2097 927 2137 τι
947 2073 1119 2158 τολμῶντα
1142 2067 1331 2156 νυκτερινῶ-

361 2284 405 2337 21.
443 2278 537 2339 αάτοῖς
555 2301 597 2336 ons
616 2287 650 2339 D.
722 2279 913 2352 άπράττοσσι
936 2279 1118 2350 (πράττουσιν
1135 2279 1191 2348 G.)]
1210 2283 1330 2334 Cobstus

292 2370 325 2421 V.
343 2370 374 2421 L.
395 2387 422 2436 ρ.
442 2371 493 2424 tce
508 2369 639 2435 junctura
656 2388 711 2423 non
733 2372 872 2423 intellecta
896 2372 929 2422 de
947 2371 1078 2422 hocloco
1098 2371 1206 2422 erravit.
1284 2363 1331 2419 ἐπι

294 2452 394 2521 σκηνῆς
421 2457 491 2507 Φῶς
518 2458 677 2509 scholiastes
704 2458 743 2519 (in
767 2456 947 2522 expositione)
974 2464 1002 2507 et
1028 2457 1107 2507 codd.
1135 2456 1259 2507 Vaticani
1284 2472 1329 2521 sp.

293 2542 499 2593 Boissonedium
527 2543 562 2593 ed
583 2544 716 2594 Aristecn.
740 2559 767 2608 p.
792 2543 851 2594 5⁴3.
890 2536 936 2592 ἐπὶ
966 2540 1015 2607 τῆς
1039 2538 1139 2606 σκηνῆς
1164 2543 1188 2592 D
1213 2547 1240 2592 et
1263 2557 1280 2590 v
1303 2548 1332 2590 et

291 2626 391 2679 lemme
408 2627 513 2679 scholii.
550 2628 655 2680 Gesner
678 2625 732 2679 άπὸ
757 2625 806 2693 τῆς
828 2625 929 2691 σκηνῆς
955 2636 982 2680 et
1007 2627 1251 2680 Sommsrbrodtius
1275 2621 1328 2676 άπὸ

293 2712 395 2778 σκηνῆς
428 2714 612 2781 conjecerunt.
650 2710 666 2764 ά
690 2709 736 2765 ἐπί
763 2711 864 2778 σκηνῆς
893 2714 954 2781 βίος
980 2720 1021 2765 est
1057 2716 1124 2774 ,vite
1152 2713 1330 2764 simulationis

292 2801 398 2867 plens‘:
424 2802 523 2867 opponi
542 2804 612 2853 enim
631 2795 677 2851 ἐπί
698 2799 748 2865 τῆς
764 2798 865 2866 σκηνῆς
882 2810 911 2853 et
927 2796 973 2851 ἐπι
994 2797 1044 2866 τῆς
1061 2794 1196 2864 ἀληθείας
1214 2799 1331 2851 Solsnns

294 2887 495 2939 demonstravit,
532 2893 561 2938 et
585 2883 600 2936 ά
625 2882 679 2937 ὑπὸ
706 2885 806 2952 σκηνῆς
829 2887 890 2954 βίος
913 2895 954 2940 est
976 2890 1043 2946 ‚vite
1060 2884 1187 2938 occults‘.
1222 2902 1283 2937 nen
1301 2892 1333 2936 ut

293 2967 340 3024 ἐπὶ
358 2971 458 3039 σκηνῆς
475 2973 657 3038 metaphorice
676 2976 793 3039 positum
813 2977 893 3026 etism
913 2975 950 3037 ‚in
965 2970 1117 3039 ρτορειιυίοι
1136 2972 1271 3039 significet
1286 2972 1331 3022 vel

293 3060 368 3124 spnd
386 3061 473 3125 ipsum
491 3059 640 3110 Lucisnum
658 3060 701 3110 De
718 3061 798 3112 llort.
817 3061 927 3127 Peregr.
943 3056 1017 3120 921:
1034 3060 1073 3110 ite
1091 3053 1145 3109 άπὸ
1164 3056 1264 3123 σκηνῆς
1281 3060 1332 3108 erit

294 3147 333 3208 ,in
357 3142 484 3195 occulto‘.
521 3146 583 3196 vide
607 3146 797 3197 Philostrstnm
823 3148 875 3199 vit.
895 3146 978 3212 Soph.
996 3147 1018 3209 1,
1037 3145 1054 3197 s
1076 3147 1139 3196 init:
1167 3139 1213 3194 ἐπι
1231 3140 1332 3208 σκηνῆς

293 3246 324 3281 τε
341 3216 460 3280 καίάπδ
479 3228 587 3294 σκηνῆς,
607 3233 626 3281 i.
647 3247 671 3282 e.
691 3240 727 3292 ‚et
744 3234 772 3283 in
790 3250 874 3284 scens
892 3239 920 3283 et
935 3238 998 3297 post
1012 3230 1140 3283 scensm‘.
1168 3232 1261 3296 iisqne
1278 3231 1331 3281 hoe

293 3317 355 3369 loco
374 3319 504 3368 utrumvis
522 3319 586 3383 poni
605 3324 679 3369 recte
698 3326 795 3383 potest.
875 3311 1119 3386 νυκτερινώτατον]
1137 3311 1331 3384 νοκτερινάτα·

292 3418 344 3453 τον
362 3403 394 3453 G.
473 3397 683 3468 ἐπισπασαμένη
707 3402 802 3470 νίφσς]
827 3407 865 3457 its
890 3407 1003 3457 correxi.
1040 3405 1101 3455 libri
1120 3397 1329 3469 ἐπισπασαμένη

292 3486 326 3540 τά
344 3487 453 3554 νέφος,
475 3488 578 3556 Sesgor
596 3484 805 3555 ἐπισπασαμένη
830 3508 859 3542 τι
875 3491 960 3557 νέφος
977 3490 1149 3556 conjiciebst.
1185 3490 1247 3542 vide
1264 3491 1328 3541 lov.

294 3577 376 3642 Trsg.
396 3576 442 3628 ts:
466 3569 587 3642 νεφέλην
608 3574 666 3628 τῶν
687 3575 811 3641 παχειῶν
829 3572 1075 3645 περιβεβλημένος.
1155 3571 1331 3641 μετοικῆσαι]

293 3662 452 3729 μετοικίσας
469 3665 502 3714 D.
573 3657 609 3715 άν
625 3657 758 3732 γλῶτταν]
781 3659 817 3716 άν
839 3665 960 3716 Cobetus
982 3666 1065 3716 v.1..
1091 3680 1117 3729 p.
1139 3664 1188 3716 llll
1212 3664 1329 3715 delebat.

362 3749 457 3800 τοίνυν
474 3751 506 3804 G.
543 3738 594 3802 σάν
612 3752 639 3801 Φ
656 3759 686 3803 et
702 3768 728 3803 v.
796 3746 887 3802 ταῦτά
904 3767 936 3801 τε
955 3750 1045 3802 ΦΛΘ.
1081 3744 1169 3800 tetre
1186 3765 1217 3817 ys
1235 3766 1261 3800 v.

293 3830 423 3901 ἐκείνους]
442 3831 547 3890 ἐκεῖνος
564 3838 624 3889 Do.
696 3831 885 3903 Ἀκαδήμειαν
909 3837 1063 3888 Dinderflus
1086 3853 1134 3902 pro
1150 3829 1330 3900 Ἀκαδημίαν.

364 3919 394 3973 ἐυ
409 3922 469 3977 τοῖς
484 3919 651 3989 περιπάτοις
673 3925 782 3975 DV'l'G.
821 3918 851 3974 ἐν
872 3920 1040 3990 περιπάτοις
1061 3922 1096 3973 Φ.
1134 3918 1164 3974 ἐν
1184 3914 1330 3987 περιπάτῳ

293 4023 320 4057 τ.
359 4019 501 4072 exspectes
518 4003 548 4058 ἐν
565 4007 604 4072 τῶ
621 4005 779 4075 περιπάτῳ.
817 4018 891 4061 certe
901 4010 1075 4075 Peripatetici
1093 4001 1125 4060 σι’
1139 4003 1195 4059 άπὸ
1211 4003 1262 4070 (ἐκ)
1279 4002 1330 4057 τοῦ

292 4088 451 4157 περιπάτου
470 4095 522 4145 diei
542 4095 639 4148 solent.
667 4103 696 4148 st
714 4098 838 4149 codicum
857 4096 924 4148 illud
943 4091 972 4146 ἐν
988 4096 1048 4150 τοίς
1062 4090 1229 4162 περιπάτοις
1246 4096 1286 4155 (nt
1303 4095 1331 4143 in

293 4180 416 4241 Qusestt
435 4196 462 4245 p.
481 4180 533 4232 ³28
550 4183 643 4241 stetui)
668 4183 730 4236 loco
753 4185 928 4235 Demonactis
946 4181 963 4245 l
982 4185 1030 4235 et:
1056 4178 1107 4233 τάν
1128 4175 1159 4230 ἐκ
1181 4177 1232 4230 τοῦ
1249 4194 1330 4246 περι·

291 4259 384 4315 πάτου
402 4255 472 4315 ι’δῶν
496 4260 630 4316 ἐπιπολὺ
649 4269 708 4323 τοῖς
723 4265 892 4336 περιπάτοις
913 4260 1126 4336 ἐνδιατρίβοντα
1144 4267 1253 4319 defendi
1269 4271 1331 4332 pot·

293 4358 343 4403 est.
412 4344 478 4420 παρ’
499 4346 592 4403 αάτῶν
609 4354 698 4409 Dm.
734 4354 807 4425 sepis
824 4349 917 4406 σίτῶν
933 4368 959 4406 τ.
