<?xml version="1.0" encoding="UTF-8"?>
<!DOCTYPE html PUBLIC "-//W3C//DTD XHTML 1.0 Transitional//EN"
    "http://www.w3.org/TR/xhtml1/DTD/xhtml1-transitional.dtd">
<html xmlns="http://www.w3.org/1999/xhtml" xml:lang="en" lang="en">
 <head>
  <title>
</title>
<meta http-equiv="Content-Type" content="text/html;charset=utf-8" />
  <meta name='ocr-system' content='tesseract 3.04.00' />
  <meta name='ocr-capabilities' content='ocr_page ocr_carea ocr_par ocr_line ocrx_word'/>
</head>
<body>
  <div class='ocr_page' id='page_1' title='image "./lucianussamosat00fritgoog_0016.png"; bbox 0 0 3066 5162; ppageno 0'>
   <div class='ocr_carea' id='block_1_1' title="bbox 272 306 296 358">
    <p class='ocr_par' dir='ltr' id='par_1_1' title="bbox 272 306 296 358">
     <span class='ocr_line' id='line_1_1' title="bbox 272 306 296 358; baseline 0 0"><span class='ocrx_word' id='word_1_1' title='bbox 272 306 296 358; x_wconf 82' lang='lat' dir='ltr'>X</span> 
     </span>
    </p>
   </div>
   <div class='ocr_carea' id='block_1_2' title="bbox 209 459 1316 1406">
    <p class='ocr_par' dir='ltr' id='par_1_2' title="bbox 209 459 1316 1406">
     <span class='ocr_line' id='line_1_2' title="bbox 270 459 1307 544; baseline 0.004 -21"><span class='ocrx_word' id='word_1_2' title='bbox 270 461 444 544; x_wconf 68' lang='lat' dir='ltr'><strong>dtdgenten</strong></span> <span class='ocrx_word' id='word_1_3' title='bbox 467 459 580 524; x_wconf 81' lang='lat' dir='ltr'><strong>scholia</strong></span> <span class='ocrx_word' id='word_1_4' title='bbox 602 460 715 524; x_wconf 82' lang='lat' dir='ltr'><strong>insunt.</strong></span> <span class='ocrx_word' id='word_1_5' title='bbox 749 460 844 524; x_wconf 82' lang='lat' dir='ltr'>Hodie</span> <span class='ocrx_word' id='word_1_6' title='bbox 865 478 961 543; x_wconf 84' lang='lat' dir='ltr'><strong>opera</strong></span> <span class='ocrx_word' id='word_1_7' title='bbox 975 461 1098 525; x_wconf 74' lang='lat' dir='ltr'><strong>ludant</strong></span> <span class='ocrx_word' id='word_1_8' title='bbox 1112 461 1307 527; x_wconf 71' lang='lat' dir='ltr'><strong>lateranam</strong></span> 
     </span>
     <span class='ocr_line' id='line_1_3' title="bbox 270 565 1316 665; baseline 0.001 -19"><span class='ocrx_word' id='word_1_9' title='bbox 270 589 302 646; x_wconf 87' lang='lat' dir='ltr'><strong>et</strong></span> <span class='ocrx_word' id='word_1_10' title='bbox 330 565 466 665; x_wconf 51' lang='lat' dir='ltr'><strong>trinium,</strong></span> <span class='ocrx_word' id='word_1_11' title='bbox 496 601 575 664; x_wconf 83' lang='lat' dir='ltr'><strong>quae</strong></span> <span class='ocrx_word' id='word_1_12' title='bbox 601 582 767 646; x_wconf 82' lang='lat' dir='ltr'><strong>Jocobitius</strong></span> <span class='ocrx_word' id='word_1_13' title='bbox 790 583 942 662; x_wconf 63' lang='lat' dir='ltr'><strong>„carew</strong></span> <span class='ocrx_word' id='word_1_14' title='bbox 973 601 1034 646; x_wconf 92' lang='lat' dir='ltr'><strong>non</strong></span> <span class='ocrx_word' id='word_1_15' title='bbox 1062 583 1178 646; x_wconf 87' lang='lat' dir='ltr'><strong>omisso</strong></span> <span class='ocrx_word' id='word_1_16' title='bbox 1208 583 1316 647; x_wconf 62' lang='lat' dir='ltr'><strong>omma*</strong></span> 
     </span>
     <span class='ocr_line' id='line_1_4' title="bbox 271 688 1306 787; baseline 0 -22"><span class='ocrx_word' id='word_1_17' title='bbox 271 710 354 767; x_wconf 79' lang='lat' dir='ltr'><strong>reete</strong></span> <span class='ocrx_word' id='word_1_18' title='bbox 377 704 573 767; x_wconf 76' lang='lat' dir='ltr'><strong>enunciavit.</strong></span> <span class='ocrx_word' id='word_1_19' title='bbox 617 703 721 767; x_wconf 78' lang='lat' dir='ltr'><strong>Codex</strong></span> <span class='ocrx_word' id='word_1_20' title='bbox 751 694 800 766; x_wconf 74' lang='lat' dir='ltr'><strong>est</strong></span> <span class='ocrx_word' id='word_1_21' title='bbox 826 688 953 768; x_wconf 81' lang='lat' dir='ltr'><strong>eximius</strong></span> <span class='ocrx_word' id='word_1_22' title='bbox 984 709 1075 785; x_wconf 80' lang='lat' dir='ltr'><strong>atque</strong></span> <span class='ocrx_word' id='word_1_23' title='bbox 1097 704 1225 787; x_wconf 76' lang='lat' dir='ltr'><strong>dignas,</strong></span> <span class='ocrx_word' id='word_1_24' title='bbox 1255 703 1306 785; x_wconf 77' lang='lat' dir='ltr'><strong>ool</strong></span> 
     </span>
     <span class='ocr_line' id='line_1_5' title="bbox 268 825 1307 907; baseline -0.001 -20"><span class='ocrx_word' id='word_1_25' title='bbox 268 826 376 888; x_wconf 83' lang='lat' dir='ltr'><strong>iterum</strong></span> <span class='ocrx_word' id='word_1_26' title='bbox 400 825 504 889; x_wconf 88' lang='lat' dir='ltr'><strong>melius</strong></span> <span class='ocrx_word' id='word_1_27' title='bbox 527 825 714 888; x_wconf 69' lang='lat' dir='ltr'><strong>excutiatur:</strong></span> <span class='ocrx_word' id='word_1_28' title='bbox 736 825 833 888; x_wconf 83' lang='lat' dir='ltr'><strong>udlvvrc</strong></span> <span class='ocrx_word' id='word_1_29' title='bbox 855 825 934 887; x_wconf 88' lang='lat' dir='ltr'><strong>euim</strong></span> <span class='ocrx_word' id='word_1_30' title='bbox 958 825 1138 888; x_wconf 80' lang='lat' dir='ltr'><strong>maximaex</strong></span> <span class='ocrx_word' id='word_1_31' title='bbox 1161 831 1249 907; x_wconf 78' lang='lat' dir='ltr'><strong>parte</strong></span> <span class='ocrx_word' id='word_1_32' title='bbox 1268 825 1307 886; x_wconf 83' lang='lat' dir='ltr'><strong>ab</strong></span> 
     </span>
     <span class='ocr_line' id='line_1_6' title="bbox 209 926 1305 1023; baseline -0.003 -13"><span class='ocrx_word' id='word_1_33' title='bbox 209 926 214 935; x_wconf 19' lang='grc' dir='ltr'><em>Α</em></span> <span class='ocrx_word' id='word_1_34' title='bbox 270 963 332 1010; x_wconf 82' lang='lat' dir='ltr'><strong>ano</strong></span> <span class='ocrx_word' id='word_1_35' title='bbox 359 945 507 1009; x_wconf 84' lang='lat' dir='ltr'><strong>lacobitio</strong></span> <span class='ocrx_word' id='word_1_36' title='bbox 535 945 662 1009; x_wconf 85' lang='lat' dir='ltr'><strong>collatus</strong></span> <span class='ocrx_word' id='word_1_37' title='bbox 691 952 750 1010; x_wconf 87' lang='lat' dir='ltr'><strong>est.</strong></span> <span class='ocrx_word' id='word_1_38' title='bbox 802 945 1051 1009; x_wconf 71' lang='lat' dir='ltr'><strong>vindobonensis</strong></span> <span class='ocrx_word' id='word_1_39' title='bbox 1075 964 1125 1010; x_wconf 90' lang='lat' dir='ltr'><strong>uo.</strong></span> <span class='ocrx_word' id='word_1_40' title='bbox 1151 943 1212 1009; x_wconf 78' lang='lat' dir='ltr'><strong>tlt</strong></span> <span class='ocrx_word' id='word_1_41' title='bbox 1242 945 1305 1023; x_wconf 84' lang='lat' dir='ltr'><strong>(ll)</strong></span> 
     </span>
     <span class='ocr_line' id='line_1_7' title="bbox 265 1066 1306 1159; baseline -0.001 -28"><span class='ocrx_word' id='word_1_42' title='bbox 265 1067 470 1159; x_wconf 16' lang='lat' dir='ltr'><strong>&#39;monastertio</strong></span> <span class='ocrx_word' id='word_1_43' title='bbox 493 1071 541 1128; x_wconf 87' lang='lat' dir='ltr'><strong>ost</strong></span> <span class='ocrx_word' id='word_1_44' title='bbox 554 1067 750 1147; x_wconf 78' lang='lat' dir='ltr'><strong>bombycinus</strong></span> <span class='ocrx_word' id='word_1_45' title='bbox 766 1084 847 1129; x_wconf 88' lang='lat' dir='ltr'><strong>saec.</strong></span> <span class='ocrx_word' id='word_1_46' title='bbox 861 1066 958 1145; x_wconf 71' lang='lat' dir='ltr'><strong>tillut,</strong></span> <span class='ocrx_word' id='word_1_47' title='bbox 982 1073 1013 1129; x_wconf 90' lang='lat' dir='ltr'><strong>at</strong></span> <span class='ocrx_word' id='word_1_48' title='bbox 1030 1067 1199 1131; x_wconf 80' lang='lat' dir='ltr'><strong>Scbuharlo</strong></span> <span class='ocrx_word' id='word_1_49' title='bbox 1212 1066 1306 1130; x_wconf 82' lang='lat' dir='ltr'><strong>chrr-</strong></span> 
     </span>
     <span class='ocr_line' id='line_1_8' title="bbox 268 1185 1305 1270; baseline -0.003 -18"><span class='ocrx_word' id='word_1_50' title='bbox 268 1194 372 1252; x_wconf 83' lang='lat' dir='ltr'><strong>taceus</strong></span> <span class='ocrx_word' id='word_1_51' title='bbox 394 1205 474 1251; x_wconf 85' lang='lat' dir='ltr'><strong>saec.</strong></span> <span class='ocrx_word' id='word_1_52' title='bbox 489 1186 573 1265; x_wconf 73' lang='lat' dir='ltr'><strong>llll‘i,</strong></span> <span class='ocrx_word' id='word_1_53' title='bbox 595 1187 733 1251; x_wconf 89' lang='lat' dir='ltr'><strong>loliorum</strong></span> <span class='ocrx_word' id='word_1_54' title='bbox 750 1185 823 1265; x_wconf 78' lang='lat'><strong>226,</strong></span> <span class='ocrx_word' id='word_1_55' title='bbox 846 1187 929 1249; x_wconf 88' lang='lat' dir='ltr'><strong>initio</strong></span> <span class='ocrx_word' id='word_1_56' title='bbox 953 1190 1083 1267; x_wconf 76' lang='lat' dir='ltr'><strong>vnuutus,</strong></span> <span class='ocrx_word' id='word_1_57' title='bbox 1107 1207 1212 1270; x_wconf 80' lang='lat' dir='ltr'><strong>parum</strong></span> <span class='ocrx_word' id='word_1_58' title='bbox 1235 1188 1305 1250; x_wconf 87' lang='lat' dir='ltr'><strong>dili-</strong></span> 
     </span>
     <span class='ocr_line' id='line_1_9' title="bbox 267 1308 1307 1406; baseline -0.002 -33"><span class='ocrx_word' id='word_1_59' title='bbox 267 1315 377 1393; x_wconf 78' lang='lat' dir='ltr'><strong>gentor</strong></span> <span class='ocrx_word' id='word_1_60' title='bbox 399 1326 498 1389; x_wconf 85' lang='lat' dir='ltr'><strong>neque</strong></span> <span class='ocrx_word' id='word_1_61' title='bbox 521 1326 580 1372; x_wconf 88' lang='lat' dir='ltr'><strong>una</strong></span> <span class='ocrx_word' id='word_1_62' title='bbox 602 1326 691 1372; x_wconf 82' lang='lat' dir='ltr'><strong>mauu</strong></span> <span class='ocrx_word' id='word_1_63' title='bbox 719 1309 851 1390; x_wconf 80' lang='lat' dir='ltr'><strong>scriptus</strong></span> <span class='ocrx_word' id='word_1_64' title='bbox 882 1326 943 1370; x_wconf 92' lang='lat' dir='ltr'><strong>non</strong></span> <span class='ocrx_word' id='word_1_65' title='bbox 964 1310 1032 1373; x_wconf 85' lang='lat' dir='ltr'><strong>sinc</strong></span> <span class='ocrx_word' id='word_1_66' title='bbox 1060 1311 1160 1373; x_wconf 81' lang='lat' dir='ltr'><strong>inultis</strong></span> <span class='ocrx_word' id='word_1_67' title='bbox 1182 1308 1307 1406; x_wconf 80' lang='lat' dir='ltr'><strong>scholiis</strong></span> 
     </span>
    </p>
   </div>
   <div class='ocr_carea' id='block_1_3' title="bbox 268 1428 1445 1513">
    <p class='ocr_par' dir='ltr' id='par_1_3' title="bbox 268 1428 1445 1513">
     <span class='ocr_line' id='line_1_10' title="bbox 268 1428 1445 1513; baseline -0.003 -20"><span class='ocrx_word' id='word_1_68' title='bbox 268 1431 323 1493; x_wconf 80' lang='lat' dir='ltr'><strong>seu</strong></span> <span class='ocrx_word' id='word_1_69' title='bbox 349 1430 534 1513; x_wconf 69' lang='lat' dir='ltr'><strong>vulgaribus.</strong></span> <span class='ocrx_word' id='word_1_70' title='bbox 577 1430 683 1493; x_wconf 87' lang='lat' dir='ltr'><strong>losunt</strong></span> <span class='ocrx_word' id='word_1_71' title='bbox 705 1428 793 1492; x_wconf 89' lang='lat' dir='ltr'><strong>hodie</strong></span> <span class='ocrx_word' id='word_1_72' title='bbox 817 1447 910 1511; x_wconf 86' lang='lat' dir='ltr'><strong>opera</strong></span> <span class='ocrx_word' id='word_1_73' title='bbox 934 1448 1025 1493; x_wconf 91' lang='lat' dir='ltr'><strong>unum</strong></span> <span class='ocrx_word' id='word_1_74' title='bbox 1055 1438 1087 1495; x_wconf 90' lang='lat' dir='ltr'><strong>et</strong></span> <span class='ocrx_word' id='word_1_75' title='bbox 1108 1430 1306 1513; x_wconf 79' lang='lat' dir='ltr'><strong>quadraginta</strong></span> <span class='ocrx_word' id='word_1_76' title='bbox 1438 1499 1445 1511; x_wconf 44' lang='lat'>‚</span> 
     </span>
    </p>
   </div>
   <div class='ocr_carea' id='block_1_4' title="bbox 265 1551 1308 3932">
    <p class='ocr_par' dir='ltr' id='par_1_4' title="bbox 265 1551 1308 3932">
     <span class='ocr_line' id='line_1_11' title="bbox 268 1551 1307 1633; baseline -0.001 -20"><span class='ocrx_word' id='word_1_77' title='bbox 268 1551 412 1613; x_wconf 84' lang='lat' dir='ltr'><strong>vicesimo</strong></span> <span class='ocrx_word' id='word_1_78' title='bbox 444 1557 574 1633; x_wconf 85' lang='lat' dir='ltr'><strong>excepto</strong></span> <span class='ocrx_word' id='word_1_79' title='bbox 602 1551 751 1617; x_wconf 88' lang='lat' dir='ltr'><strong>Luciuuea</strong></span> <span class='ocrx_word' id='word_1_80' title='bbox 782 1551 897 1627; x_wconf 73' lang='lat' dir='ltr'><strong>culnia,</strong></span> <span class='ocrx_word' id='word_1_81' title='bbox 925 1570 1002 1632; x_wconf 84' lang='lat' dir='ltr'><strong>quoe</strong></span> <span class='ocrx_word' id='word_1_82' title='bbox 1031 1551 1197 1616; x_wconf 80' lang='lat' dir='ltr'><strong>lacobiliur</strong></span> <span class='ocrx_word' id='word_1_83' title='bbox 1228 1551 1307 1614; x_wconf 87' lang='lat' dir='ltr'><strong>bene</strong></span> 
     </span>
     <span class='ocr_line' id='line_1_12' title="bbox 267 1671 1307 1754; baseline 0 -21"><span class='ocrx_word' id='word_1_84' title='bbox 267 1673 465 1735; x_wconf 76' lang='lat' dir='ltr'><strong>enumeravit.</strong></span> <span class='ocrx_word' id='word_1_85' title='bbox 512 1671 558 1734; x_wconf 84' lang='lat' dir='ltr'><strong>Ex</strong></span> <span class='ocrx_word' id='word_1_86' title='bbox 588 1672 635 1734; x_wconf 79' lang='lat' dir='ltr'><strong>lais</strong></span> <span class='ocrx_word' id='word_1_87' title='bbox 669 1671 768 1734; x_wconf 83' lang='lat' dir='ltr'><strong>odlnuc</strong></span> <span class='ocrx_word' id='word_1_88' title='bbox 798 1677 860 1733; x_wconf 86' lang='lat' dir='ltr'><strong>tres</strong></span> <span class='ocrx_word' id='word_1_89' title='bbox 890 1673 1012 1734; x_wconf 80' lang='lat' dir='ltr'><strong>connino</strong></span> <span class='ocrx_word' id='word_1_90' title='bbox 1049 1673 1115 1735; x_wconf 86' lang='lat' dir='ltr'><strong>libri</strong></span> <span class='ocrx_word' id='word_1_91' title='bbox 1142 1672 1307 1754; x_wconf 77' lang='lat' dir='ltr'><strong>comparati</strong></span> 
     </span>
     <span class='ocr_line' id='line_1_13' title="bbox 266 1791 1305 1875; baseline 0.003 -21"><span class='ocrx_word' id='word_1_92' title='bbox 266 1799 348 1872; x_wconf 79' lang='lat' dir='ltr'><strong>sunt,</strong></span> <span class='ocrx_word' id='word_1_93' title='bbox 371 1793 483 1875; x_wconf 74' lang='lat' dir='ltr'><strong>Scytlra</strong></span> <span class='ocrx_word' id='word_1_94' title='bbox 506 1792 695 1870; x_wconf 81' lang='lat' dir='ltr'><strong>vlacolritio,</strong></span> <span class='ocrx_word' id='word_1_95' title='bbox 720 1798 780 1857; x_wconf 85' lang='lat' dir='ltr'><strong>turn</strong></span> <span class='ocrx_word' id='word_1_96' title='bbox 797 1791 971 1856; x_wconf 77' lang='lat' dir='ltr'><strong>Alexander</strong></span> <span class='ocrx_word' id='word_1_97' title='bbox 992 1800 1024 1856; x_wconf 86' lang='lat' dir='ltr'><strong>et</strong></span> <span class='ocrx_word' id='word_1_98' title='bbox 1045 1793 1121 1857; x_wconf 85' lang='lat' dir='ltr'><strong>liber</strong></span> <span class='ocrx_word' id='word_1_99' title='bbox 1143 1794 1181 1856; x_wconf 90' lang='lat' dir='ltr'><strong>dc</strong></span> <span class='ocrx_word' id='word_1_100' title='bbox 1204 1793 1305 1857; x_wconf 82' lang='lat' dir='ltr'><strong>nisto-</strong></span> 
     </span>
     <span class='ocr_line' id='line_1_14' title="bbox 266 1913 1308 1996; baseline -0.003 -19"><span class='ocrx_word' id='word_1_101' title='bbox 266 1915 311 1977; x_wconf 86' lang='lat' dir='ltr'><strong>ria</strong></span> <span class='ocrx_word' id='word_1_102' title='bbox 333 1932 349 1976; x_wconf 83' lang='lat' dir='ltr'><strong>a</strong></span> <span class='ocrx_word' id='word_1_103' title='bbox 368 1914 554 1990; x_wconf 84' lang='lat' dir='ltr'><strong>Sclnubarto;</strong></span> <span class='ocrx_word' id='word_1_104' title='bbox 577 1919 715 1976; x_wconf 86' lang='lat' dir='ltr'><strong>caeteros</strong></span> <span class='ocrx_word' id='word_1_105' title='bbox 738 1913 830 1976; x_wconf 85' lang='lat' dir='ltr'><strong>libros</strong></span> <span class='ocrx_word' id='word_1_106' title='bbox 847 1913 985 1977; x_wconf 83' lang='lat' dir='ltr'><strong>Xllllllll</strong></span> <span class='ocrx_word' id='word_1_107' title='bbox 1009 1933 1048 1977; x_wconf 91' lang='lat' dir='ltr'><strong>ne</strong></span> <span class='ocrx_word' id='word_1_108' title='bbox 1070 1915 1122 1995; x_wconf 83' lang='lat' dir='ltr'><strong>qui</strong></span> <span class='ocrx_word' id='word_1_109' title='bbox 1143 1914 1308 1996; x_wconf 84' lang='lat' dir='ltr'><strong>inspiceret</strong></span> 
     </span>
     <span class='ocr_line' id='line_1_15' title="bbox 267 2034 1306 2118; baseline -0.004 -20"><span class='ocrx_word' id='word_1_110' title='bbox 267 2035 387 2118; x_wconf 80' lang='lat' dir='ltr'><strong>quidem</strong></span> <span class='ocrx_word' id='word_1_111' title='bbox 411 2035 568 2117; x_wconf 80' lang='lat' dir='ltr'><strong>quisquam</strong></span> <span class='ocrx_word' id='word_1_112' title='bbox 592 2034 690 2097; x_wconf 83' lang='lat' dir='ltr'><strong>odlruc</strong></span> <span class='ocrx_word' id='word_1_113' title='bbox 712 2034 853 2097; x_wconf 89' lang='lat' dir='ltr'><strong>inventus</strong></span> <span class='ocrx_word' id='word_1_114' title='bbox 876 2041 934 2097; x_wconf 88' lang='lat' dir='ltr'><strong>est.</strong></span> <span class='ocrx_word' id='word_1_115' title='bbox 978 2036 1071 2117; x_wconf 80' lang='lat' dir='ltr'><strong>Atqui</strong></span> <span class='ocrx_word' id='word_1_116' title='bbox 1095 2036 1192 2099; x_wconf 87' lang='lat' dir='ltr'><strong>bonae</strong></span> <span class='ocrx_word' id='word_1_117' title='bbox 1215 2038 1306 2095; x_wconf 72' lang='lat' dir='ltr'><strong>nome</strong></span> 
     </span>
     <span class='ocr_line' id='line_1_16' title="bbox 269 2155 1307 2239; baseline -0.004 -20"><span class='ocrx_word' id='word_1_118' title='bbox 269 2157 317 2220; x_wconf 84' lang='lat' dir='ltr'><strong>lvio</strong></span> <span class='ocrx_word' id='word_1_119' title='bbox 339 2156 437 2219; x_wconf 86' lang='lat' dir='ltr'><strong>codex</strong></span> <span class='ocrx_word' id='word_1_120' title='bbox 459 2162 508 2219; x_wconf 86' lang='lat' dir='ltr'><strong>est</strong></span> <span class='ocrx_word' id='word_1_121' title='bbox 528 2174 630 2237; x_wconf 87' lang='lat' dir='ltr'><strong>nequo</strong></span> <span class='ocrx_word' id='word_1_122' title='bbox 654 2156 714 2219; x_wconf 91' lang='lat' dir='ltr'><strong>ullo</strong></span> <span class='ocrx_word' id='word_1_123' title='bbox 743 2155 832 2219; x_wconf 81' lang='lat' dir='ltr'><strong>niodo</strong></span> <span class='ocrx_word' id='word_1_124' title='bbox 853 2155 1006 2239; x_wconf 79' lang='lat' dir='ltr'><strong>indignus,</strong></span> <span class='ocrx_word' id='word_1_125' title='bbox 1034 2157 1086 2238; x_wconf 83' lang='lat' dir='ltr'><strong>qui</strong></span> <span class='ocrx_word' id='word_1_126' title='bbox 1107 2157 1267 2239; x_wconf 75' lang='lat' dir='ltr'><strong>diligenter</strong></span> <span class='ocrx_word' id='word_1_127' title='bbox 1289 2173 1307 2216; x_wconf 88' lang='lat' dir='ltr'><strong>a</strong></span> 
     </span>
     <span class='ocr_line' id='line_1_17' title="bbox 268 2275 1307 2359; baseline -0.004 -18"><span class='ocrx_word' id='word_1_128' title='bbox 268 2275 444 2341; x_wconf 85' lang='lat' dir='ltr'><strong>Schubortis</strong></span> <span class='ocrx_word' id='word_1_129' title='bbox 468 2284 549 2341; x_wconf 91' lang='lat' dir='ltr'><strong>totus</strong></span> <span class='ocrx_word' id='word_1_130' title='bbox 573 2277 754 2341; x_wconf 81' lang='lat' dir='ltr'><strong>conteratur.</strong></span> <span class='ocrx_word' id='word_1_131' title='bbox 792 2276 886 2349; x_wconf 86' lang='lat' dir='ltr'><strong>Quem</strong></span> <span class='ocrx_word' id='word_1_132' title='bbox 899 2276 1031 2339; x_wconf 88' lang='lat' dir='ltr'><strong>codicem</strong></span> <span class='ocrx_word' id='word_1_133' title='bbox 1056 2278 1095 2340; x_wconf 90' lang='lat' dir='ltr'><strong>ob</strong></span> <span class='ocrx_word' id='word_1_134' title='bbox 1110 2278 1210 2359; x_wconf 88' lang='lat' dir='ltr'><strong>ipsum</strong></span> <span class='ocrx_word' id='word_1_135' title='bbox 1225 2275 1307 2339; x_wconf 88' lang='lat' dir='ltr'><strong>illum</strong></span> 
     </span>
     <span class='ocr_line' id='line_1_18' title="bbox 265 2395 1305 2481; baseline -0.005 -19"><span class='ocrx_word' id='word_1_136' title='bbox 265 2399 397 2463; x_wconf 82' lang='lat' dir='ltr'><strong>libellum</strong></span> <span class='ocrx_word' id='word_1_137' title='bbox 421 2400 613 2477; x_wconf 88' lang='lat' dir='ltr'><strong>vicesimum,</strong></span> <span class='ocrx_word' id='word_1_138' title='bbox 637 2399 687 2481; x_wconf 82' lang='lat' dir='ltr'><strong>qui</strong></span> <span class='ocrx_word' id='word_1_139' title='bbox 710 2398 798 2461; x_wconf 83' lang='lat' dir='ltr'><strong>oliam</strong></span> <span class='ocrx_word' id='word_1_140' title='bbox 821 2398 850 2458; x_wconf 92' lang='lat' dir='ltr'><strong>in</strong></span> <span class='ocrx_word' id='word_1_141' title='bbox 874 2396 1018 2462; x_wconf 86' lang='lat' dir='ltr'><strong>Vaticano</strong></span> <span class='ocrx_word' id='word_1_142' title='bbox 1040 2399 1137 2477; x_wconf 87' lang='lat' dir='ltr'><strong>inest,</strong></span> <span class='ocrx_word' id='word_1_143' title='bbox 1166 2398 1254 2461; x_wconf 86' lang='lat' dir='ltr'><strong>deest</strong></span> <span class='ocrx_word' id='word_1_144' title='bbox 1276 2395 1305 2457; x_wconf 92' lang='lat' dir='ltr'><strong>in</strong></span> 
     </span>
     <span class='ocr_line' id='line_1_19' title="bbox 266 2515 1305 2601; baseline -0.003 -19"><span class='ocrx_word' id='word_1_145' title='bbox 266 2521 410 2599; x_wconf 87' lang='lat' dir='ltr'><strong>caeteris,</strong></span> <span class='ocrx_word' id='word_1_146' title='bbox 437 2523 504 2583; x_wconf 89' lang='lat' dir='ltr'><strong>sive</strong></span> <span class='ocrx_word' id='word_1_147' title='bbox 527 2540 566 2583; x_wconf 86' lang='lat' dir='ltr'><strong>ox</strong></span> <span class='ocrx_word' id='word_1_148' title='bbox 589 2522 656 2601; x_wconf 88' lang='lat' dir='ltr'><strong>ipso</strong></span> <span class='ocrx_word' id='word_1_149' title='bbox 680 2519 825 2582; x_wconf 81' lang='lat' dir='ltr'><strong>Vaticano</strong></span> <span class='ocrx_word' id='word_1_150' title='bbox 848 2535 898 2580; x_wconf 90' lang='lat' dir='ltr'><strong>no.</strong></span> <span class='ocrx_word' id='word_1_151' title='bbox 921 2515 965 2581; x_wconf 79' lang='lat' dir='ltr'><strong>llll</strong></span> <span class='ocrx_word' id='word_1_152' title='bbox 986 2520 1052 2582; x_wconf 86' lang='lat' dir='ltr'><strong>sive</strong></span> <span class='ocrx_word' id='word_1_153' title='bbox 1074 2540 1114 2582; x_wconf 79' lang='lat' dir='ltr'><strong>ex</strong></span> <span class='ocrx_word' id='word_1_154' title='bbox 1136 2518 1194 2580; x_wconf 88' lang='lat' dir='ltr'><strong>alio</strong></span> <span class='ocrx_word' id='word_1_155' title='bbox 1217 2518 1305 2598; x_wconf 80' lang='lat' dir='ltr'><strong>lrujm</strong></span> 
     </span>
     <span class='ocr_line' id='line_1_20' title="bbox 270 2636 1302 2719; baseline -0.003 -17"><span class='ocrx_word' id='word_1_156' title='bbox 270 2640 405 2702; x_wconf 74' lang='lat' dir='ltr'><strong>vaticam</strong></span> <span class='ocrx_word' id='word_1_157' title='bbox 427 2640 514 2703; x_wconf 82' lang='lat' dir='ltr'><strong>simili</strong></span> <span class='ocrx_word' id='word_1_158' title='bbox 536 2642 657 2704; x_wconf 86' lang='lat' dir='ltr'><strong>ductum</strong></span> <span class='ocrx_word' id='word_1_159' title='bbox 673 2657 744 2702; x_wconf 88' lang='lat' dir='ltr'><strong>esse</strong></span> <span class='ocrx_word' id='word_1_160' title='bbox 757 2638 907 2719; x_wconf 83' lang='lat' dir='ltr'><strong>suspicor.</strong></span> <span class='ocrx_word' id='word_1_161' title='bbox 941 2638 1185 2703; x_wconf 75' lang='lat' dir='ltr'><strong>vindobonensis</strong></span> <span class='ocrx_word' id='word_1_162' title='bbox 1201 2657 1250 2702; x_wconf 92' lang='lat' dir='ltr'><strong>no.</strong></span> <span class='ocrx_word' id='word_1_163' title='bbox 1262 2636 1302 2700; x_wconf 77' lang='lat'><strong>21</strong></span> 
     </span>
     <span class='ocr_line' id='line_1_21' title="bbox 266 2759 1305 2841; baseline -0.005 -17"><span class='ocrx_word' id='word_1_164' title='bbox 266 2759 331 2836; x_wconf 83' lang='grc' dir='ltr'><strong>(Σ)</strong></span> <span class='ocrx_word' id='word_1_165' title='bbox 355 2762 600 2825; x_wconf 84' lang='lat' dir='ltr'><strong>membranaceus</strong></span> <span class='ocrx_word' id='word_1_166' title='bbox 623 2779 704 2826; x_wconf 88' lang='lat' dir='ltr'><strong>saec.</strong></span> <span class='ocrx_word' id='word_1_167' title='bbox 728 2760 813 2823; x_wconf 74' lang='lat' dir='ltr'><strong>lllllti</strong></span> <span class='ocrx_word' id='word_1_168' title='bbox 842 2760 938 2823; x_wconf 78' lang='lat' dir='ltr'><strong>codex</strong></span> <span class='ocrx_word' id='word_1_169' title='bbox 969 2779 1045 2823; x_wconf 83' lang='lat' dir='ltr'><strong>saue</strong></span> <span class='ocrx_word' id='word_1_170' title='bbox 1068 2761 1182 2838; x_wconf 85' lang='lat' dir='ltr'><strong>bonus,</strong></span> <span class='ocrx_word' id='word_1_171' title='bbox 1213 2760 1305 2841; x_wconf 89' lang='lat' dir='ltr'><strong>quie</strong></span> 
     </span>
     <span class='ocr_line' id='line_1_22' title="bbox 265 2880 1305 2962; baseline -0.002 -18"><span class='ocrx_word' id='word_1_172' title='bbox 265 2882 422 2946; x_wconf 83' lang='lat' dir='ltr'><strong>Lucisneis</strong></span> <span class='ocrx_word' id='word_1_173' title='bbox 452 2882 541 2945; x_wconf 83' lang='lat' dir='ltr'><strong>habet</strong></span> <span class='ocrx_word' id='word_1_174' title='bbox 571 2887 684 2945; x_wconf 89' lang='lat' dir='ltr'><strong>tantum</strong></span> <span class='ocrx_word' id='word_1_175' title='bbox 715 2880 900 2962; x_wconf 79' lang='lat' dir='ltr'><strong>Halcyouem</strong></span> <span class='ocrx_word' id='word_1_176' title='bbox 929 2882 1137 2946; x_wconf 82' lang='lat' dir='ltr'><strong>aSchuburtc</strong></span> <span class='ocrx_word' id='word_1_177' title='bbox 1165 2886 1305 2945; x_wconf 85' lang='lat' dir='ltr'><strong>accurate</strong></span> 
     </span>
     <span class='ocr_line' id='line_1_23' title="bbox 265 2998 1306 3079; baseline -0.002 -13"><span class='ocrx_word' id='word_1_178' title='bbox 265 3002 415 3066; x_wconf 88' lang='lat' dir='ltr'><strong>collatum.</strong></span> <span class='ocrx_word' id='word_1_179' title='bbox 449 3002 691 3065; x_wconf 72' lang='lat' dir='ltr'><strong>vindobonensis</strong></span> <span class='ocrx_word' id='word_1_180' title='bbox 709 3020 758 3065; x_wconf 92' lang='lat' dir='ltr'><strong>no.</strong></span> <span class='ocrx_word' id='word_1_181' title='bbox 773 2998 833 3064; x_wconf 88' lang='grc'><strong>165</strong></span> <span class='ocrx_word' id='word_1_182' title='bbox 846 3002 907 3079; x_wconf 85' lang='grc' dir='ltr'><strong>(Κ)</strong></span> <span class='ocrx_word' id='word_1_183' title='bbox 921 3003 1098 3068; x_wconf 80' lang='lat' dir='ltr'><strong>chartaceus</strong></span> <span class='ocrx_word' id='word_1_184' title='bbox 1114 3020 1194 3066; x_wconf 88' lang='lat' dir='ltr'><strong>saec.</strong></span> <span class='ocrx_word' id='word_1_185' title='bbox 1207 3001 1306 3079; x_wconf 65' lang='lat' dir='ltr'><strong>Xlllll,</strong></span> 
     </span>
     <span class='ocr_line' id='line_1_24' title="bbox 265 3107 1304 3206; baseline -0.001 -19"><span class='ocrx_word' id='word_1_186' title='bbox 265 3107 344 3187; x_wconf 81' lang='lat' dir='ltr'><strong>lcolir</strong></span> <span class='ocrx_word' id='word_1_187' title='bbox 369 3125 409 3187; x_wconf 88' lang='lat' dir='ltr'><strong>ob</strong></span> <span class='ocrx_word' id='word_1_188' title='bbox 431 3124 608 3206; x_wconf 85' lang='lat' dir='ltr'><strong>compendio</strong></span> <span class='ocrx_word' id='word_1_189' title='bbox 630 3122 765 3187; x_wconf 84' lang='lat' dir='ltr'><strong>difficilis.</strong></span> <span class='ocrx_word' id='word_1_190' title='bbox 810 3123 917 3186; x_wconf 89' lang='lat' dir='ltr'><strong>lnsunt</strong></span> <span class='ocrx_word' id='word_1_191' title='bbox 939 3142 1030 3204; x_wconf 84' lang='lat' dir='ltr'><strong>quum</strong></span> <span class='ocrx_word' id='word_1_192' title='bbox 1053 3123 1178 3188; x_wconf 86' lang='lat' dir='ltr'><strong>aliorum</strong></span> <span class='ocrx_word' id='word_1_193' title='bbox 1200 3124 1304 3204; x_wconf 82' lang='lat' dir='ltr'><strong>serip-</strong></span> 
     </span>
     <span class='ocr_line' id='line_1_25' title="bbox 266 3244 1304 3327; baseline -0.001 -20"><span class='ocrx_word' id='word_1_194' title='bbox 266 3251 364 3308; x_wconf 89' lang='lat' dir='ltr'><strong>torum</strong></span> <span class='ocrx_word' id='word_1_195' title='bbox 388 3245 476 3308; x_wconf 87' lang='lat' dir='ltr'><strong>libelli</strong></span> <span class='ocrx_word' id='word_1_196' title='bbox 492 3251 554 3308; x_wconf 90' lang='lat' dir='ltr'><strong>tom</strong></span> <span class='ocrx_word' id='word_1_197' title='bbox 569 3251 700 3327; x_wconf 81' lang='lat' dir='ltr'><strong>quotuor</strong></span> <span class='ocrx_word' id='word_1_198' title='bbox 715 3245 865 3322; x_wconf 82' lang='lat' dir='ltr'><strong>tucianei,</strong></span> <span class='ocrx_word' id='word_1_199' title='bbox 889 3261 1017 3325; x_wconf 84' lang='lat' dir='ltr'><strong>quorum</strong></span> <span class='ocrx_word' id='word_1_200' title='bbox 1033 3262 1112 3308; x_wconf 92' lang='lat' dir='ltr'><strong>unos</strong></span> <span class='ocrx_word' id='word_1_201' title='bbox 1129 3244 1186 3320; x_wconf 86' lang='lat' dir='ltr'><strong>(de</strong></span> <span class='ocrx_word' id='word_1_202' title='bbox 1198 3250 1304 3307; x_wconf 84' lang='lat' dir='ltr'><strong>ostro-</strong></span> 
     </span>
     <span class='ocr_line' id='line_1_26' title="bbox 267 3365 1305 3450; baseline -0.002 -20"><span class='ocrx_word' id='word_1_203' title='bbox 267 3367 366 3450; x_wconf 77' lang='lat' dir='ltr'><strong>logia)</strong></span> <span class='ocrx_word' id='word_1_204' title='bbox 407 3365 505 3430; x_wconf 83' lang='lat' dir='ltr'><strong>vdlruc</strong></span> <span class='ocrx_word' id='word_1_205' title='bbox 537 3365 739 3430; x_wconf 80' lang='lat' dir='ltr'><strong>conterendus</strong></span> <span class='ocrx_word' id='word_1_206' title='bbox 777 3370 834 3428; x_wconf 90' lang='lat' dir='ltr'><strong>est.</strong></span> <span class='ocrx_word' id='word_1_207' title='bbox 890 3365 1028 3447; x_wconf 87' lang='lat' dir='ltr'><strong>Denique</strong></span> <span class='ocrx_word' id='word_1_208' title='bbox 1063 3365 1305 3431; x_wconf 76' lang='lat' dir='ltr'><strong>vindobonensis</strong></span> 
     </span>
     <span class='ocr_line' id='line_1_27' title="bbox 267 3484 1307 3566; baseline -0.001 -16"><span class='ocrx_word' id='word_1_209' title='bbox 267 3505 318 3552; x_wconf 90' lang='lat' dir='ltr'><strong>no.</strong></span> <span class='ocrx_word' id='word_1_210' title='bbox 342 3484 406 3551; x_wconf 75' lang='lat' dir='ltr'><strong>:tut</strong></span> <span class='ocrx_word' id='word_1_211' title='bbox 429 3487 479 3566; x_wconf 83' lang='lat' dir='ltr'><strong>(l)</strong></span> <span class='ocrx_word' id='word_1_212' title='bbox 502 3487 679 3551; x_wconf 76' lang='lat' dir='ltr'><strong>chartaceus</strong></span> <span class='ocrx_word' id='word_1_213' title='bbox 703 3504 784 3549; x_wconf 89' lang='lat' dir='ltr'><strong>suec.</strong></span> <span class='ocrx_word' id='word_1_214' title='bbox 806 3485 881 3549; x_wconf 71' lang='lat' dir='ltr'><strong>xva</strong></span> <span class='ocrx_word' id='word_1_215' title='bbox 908 3506 926 3549; x_wconf 92' lang='lat' dir='ltr'><strong>e</strong></span> <span class='ocrx_word' id='word_1_216' title='bbox 948 3487 1107 3551; x_wconf 84' lang='lat' dir='ltr'><strong>Luciaueis</strong></span> <span class='ocrx_word' id='word_1_217' title='bbox 1125 3492 1193 3554; x_wconf 86' lang='lat' dir='ltr'><strong>tres</strong></span> <span class='ocrx_word' id='word_1_218' title='bbox 1216 3487 1307 3551; x_wconf 81' lang='lat' dir='ltr'><strong>habet</strong></span> 
     </span>
     <span class='ocr_line' id='line_1_28' title="bbox 266 3608 1303 3691; baseline -0.001 -19"><span class='ocrx_word' id='word_1_219' title='bbox 266 3610 358 3673; x_wconf 84' lang='lat' dir='ltr'><strong>libros</strong></span> <span class='ocrx_word' id='word_1_220' title='bbox 381 3627 482 3690; x_wconf 88' lang='lat' dir='ltr'><strong>nequa</strong></span> <span class='ocrx_word' id='word_1_221' title='bbox 504 3609 614 3691; x_wconf 84' lang='lat' dir='ltr'><strong>dignus</strong></span> <span class='ocrx_word' id='word_1_222' title='bbox 639 3608 766 3687; x_wconf 84' lang='lat' dir='ltr'><strong>videtur,</strong></span> <span class='ocrx_word' id='word_1_223' title='bbox 790 3627 878 3689; x_wconf 87' lang='lat' dir='ltr'><strong>quem</strong></span> <span class='ocrx_word' id='word_1_224' title='bbox 902 3608 1060 3689; x_wconf 81' lang='lat' dir='ltr'><strong>quisquam</strong></span> <span class='ocrx_word' id='word_1_225' title='bbox 1082 3608 1191 3672; x_wconf 87' lang='lat' dir='ltr'><strong>iterum</strong></span> <span class='ocrx_word' id='word_1_226' title='bbox 1213 3608 1303 3673; x_wconf 88' lang='lat' dir='ltr'><strong>evol-</strong></span> 
     </span>
     <span class='ocr_line' id='line_1_29' title="bbox 268 3697 1304 3806; baseline -0.003 -13"><span class='ocrx_word' id='word_1_227' title='bbox 268 3736 325 3794; x_wconf 87' lang='lat' dir='ltr'><strong>vat.</strong></span> <span class='ocrx_word' id='word_1_228' title='bbox 360 3730 483 3794; x_wconf 86' lang='lat' dir='ltr'><strong>Praeter</strong></span> <span class='ocrx_word' id='word_1_229' title='bbox 506 3729 561 3792; x_wconf 78' lang='lat' dir='ltr'><strong>lios</strong></span> <span class='ocrx_word' id='word_1_230' title='bbox 584 3747 689 3793; x_wconf 88' lang='lat' dir='ltr'><strong>omnes</strong></span> <span class='ocrx_word' id='word_1_231' title='bbox 714 3730 762 3791; x_wconf 89' lang='lat' dir='ltr'><strong>alii</strong></span> <span class='ocrx_word' id='word_1_232' title='bbox 784 3729 951 3793; x_wconf 84' lang='lat' dir='ltr'><strong>aFebricio</strong></span> <span class='ocrx_word' id='word_1_233' title='bbox 968 3712 1087 3793; x_wconf 86' lang='lat' dir='ltr'><strong>codices</strong></span> <span class='ocrx_word' id='word_1_234' title='bbox 1104 3697 1304 3806; x_wconf 60' lang='lat' dir='ltr'><strong>nominentur,</strong></span> 
     </span>
     <span class='ocr_line' id='line_1_30' title="bbox 266 3849 1304 3932; baseline -0.002 -17"><span class='ocrx_word' id='word_1_235' title='bbox 266 3868 344 3932; x_wconf 85' lang='lat' dir='ltr'><strong>quus</strong></span> <span class='ocrx_word' id='word_1_236' title='bbox 366 3851 403 3914; x_wconf 87' lang='lat' dir='ltr'><strong>sd</strong></span> <span class='ocrx_word' id='word_1_237' title='bbox 426 3850 505 3914; x_wconf 82' lang='lat' dir='ltr'><strong>none</strong></span> <span class='ocrx_word' id='word_1_238' title='bbox 527 3850 604 3913; x_wconf 88' lang='lat' dir='ltr'><strong>diem</strong></span> <span class='ocrx_word' id='word_1_239' title='bbox 626 3868 716 3913; x_wconf 88' lang='lat' dir='ltr'><strong>nemo</strong></span> <span class='ocrx_word' id='word_1_240' title='bbox 739 3850 917 3932; x_wconf 79' lang='lat' dir='ltr'><strong>exploravit,</strong></span> <span class='ocrx_word' id='word_1_241' title='bbox 941 3849 1139 3914; x_wconf 68' lang='lat' dir='ltr'><strong>Mutinensem</strong></span> <span class='ocrx_word' id='word_1_242' title='bbox 1154 3868 1235 3914; x_wconf 85' lang='lat' dir='ltr'><strong>suec.</strong></span> <span class='ocrx_word' id='word_1_243' title='bbox 1248 3850 1304 3929; x_wconf 61' lang='lat' dir='ltr'><strong>llll,</strong></span> 
     </span>
    </p>
   </div>
   <div class='ocr_carea' id='block_1_5' title="bbox 130 3939 740 4053">
    <p class='ocr_par' dir='ltr' id='par_1_5' title="bbox 130 3939 740 4053">
     <span class='ocr_line' id='line_1_31' title="bbox 130 3939 740 4053; baseline -0.003 -19"><span class='ocrx_word' id='word_1_244' title='bbox 130 3939 154 4013; x_wconf 85' lang='grc' dir='ltr'><strong> </strong></span> <span class='ocrx_word' id='word_1_245' title='bbox 268 3971 494 4047; x_wconf 74' lang='lat' dir='ltr'><strong>laminensem,</strong></span> <span class='ocrx_word' id='word_1_246' title='bbox 516 3971 740 4053; x_wconf 73' lang='lat' dir='ltr'><strong>Neapoitancs.</strong></span> 
     </span>
    </p>
   </div>
   <div class='ocr_carea' id='block_1_6' title="bbox 331 4090 1377 4173">
    <p class='ocr_par' dir='ltr' id='par_1_6' title="bbox 331 4090 1377 4173">
     <span class='ocr_line' id='line_1_32' title="bbox 331 4090 1377 4173; baseline 0 -19"><span class='ocrx_word' id='word_1_247' title='bbox 331 4092 459 4155; x_wconf 83' lang='lat' dir='ltr'><strong>Restant</strong></span> <span class='ocrx_word' id='word_1_248' title='bbox 489 4091 509 4153; x_wconf 86' lang='lat' dir='ltr'><strong>ii</strong></span> <span class='ocrx_word' id='word_1_249' title='bbox 542 4090 679 4169; x_wconf 88' lang='lat' dir='ltr'><strong>codices,</strong></span> <span class='ocrx_word' id='word_1_250' title='bbox 718 4108 846 4173; x_wconf 75' lang='lat' dir='ltr'><strong>qumana</strong></span> <span class='ocrx_word' id='word_1_251' title='bbox 878 4091 1054 4156; x_wconf 87' lang='lat' dir='ltr'><strong>collationes</strong></span> <span class='ocrx_word' id='word_1_252' title='bbox 1088 4093 1117 4154; x_wconf 90' lang='lat' dir='ltr'><strong>in</strong></span> <span class='ocrx_word' id='word_1_253' title='bbox 1151 4091 1304 4155; x_wconf 82' lang='lat' dir='ltr'><strong>Reitaivno</strong></span> <span class='ocrx_word' id='word_1_254' title='bbox 1370 4102 1377 4109; x_wconf 82' lang='grc'><strong><em>’</em></strong></span> 
     </span>
    </p>
   </div>
   <div class='ocr_carea' id='block_1_7' title="bbox 267 4212 1338 4538">
    <p class='ocr_par' dir='ltr' id='par_1_7' title="bbox 267 4212 1338 4538">
     <span class='ocr_line' id='line_1_33' title="bbox 267 4212 1338 4311; baseline -0.003 -34"><span class='ocrx_word' id='word_1_255' title='bbox 267 4213 398 4278; x_wconf 83' lang='lat' dir='ltr'><strong>editione</strong></span> <span class='ocrx_word' id='word_1_256' title='bbox 427 4213 584 4297; x_wconf 81' lang='lat' dir='ltr'><strong>leguntur,</strong></span> <span class='ocrx_word' id='word_1_257' title='bbox 613 4212 710 4277; x_wconf 84' lang='lat' dir='ltr'><strong>soclus</strong></span> <span class='ocrx_word' id='word_1_258' title='bbox 738 4213 806 4277; x_wconf 91' lang='lat' dir='ltr'><strong>illae</strong></span> <span class='ocrx_word' id='word_1_259' title='bbox 835 4213 969 4297; x_wconf 86' lang='lat' dir='ltr'><strong>inprimis</strong></span> <span class='ocrx_word' id='word_1_260' title='bbox 999 4212 1124 4277; x_wconf 86' lang='lat' dir='ltr'><strong>ollose</strong></span> <span class='ocrx_word' id='word_1_261' title='bbox 1152 4213 1192 4276; x_wconf 89' lang='lat' dir='ltr'><strong>du</strong></span> <span class='ocrx_word' id='word_1_262' title='bbox 1220 4212 1338 4311; x_wconf 21' lang='lat' dir='ltr'><strong>Soul‚ss</strong></span> 
     </span>
     <span class='ocr_line' id='line_1_34' title="bbox 268 4333 1304 4420; baseline -0.001 -21"><span class='ocrx_word' id='word_1_263' title='bbox 268 4334 369 4420; x_wconf 75' lang='lat' dir='ltr'><strong>Angla</strong></span> <span class='ocrx_word' id='word_1_264' title='bbox 391 4333 554 4413; x_wconf 73' lang='lat' dir='ltr'><strong>(Somnum</strong></span> <span class='ocrx_word' id='word_1_265' title='bbox 576 4335 644 4416; x_wconf 88' lang='lat' dir='ltr'><strong>ipse</strong></span> <span class='ocrx_word' id='word_1_266' title='bbox 665 4350 702 4397; x_wconf 86' lang='lat' dir='ltr'><strong>se</strong></span> <span class='ocrx_word' id='word_1_267' title='bbox 723 4334 781 4397; x_wconf 90' lang='lat' dir='ltr'><strong>dici</strong></span> <span class='ocrx_word' id='word_1_268' title='bbox 804 4334 960 4414; x_wconf 81' lang='lat' dir='ltr'><strong>malebat),</strong></span> <span class='ocrx_word' id='word_1_269' title='bbox 988 4336 1075 4418; x_wconf 85' lang='lat' dir='ltr'><strong>cujus</strong></span> <span class='ocrx_word' id='word_1_270' title='bbox 1095 4333 1162 4397; x_wconf 72' lang='lat' dir='ltr'><strong>vviri</strong></span> <span class='ocrx_word' id='word_1_271' title='bbox 1183 4334 1214 4398; x_wconf 92' lang='lat' dir='ltr'><strong>in</strong></span> <span class='ocrx_word' id='word_1_272' title='bbox 1236 4334 1304 4398; x_wconf 84' lang='lat' dir='ltr'><strong>Lu-</strong></span> 
     </span>
     <span class='ocr_line' id='line_1_35' title="bbox 267 4454 1304 4538; baseline 0.001 -18"><span class='ocrx_word' id='word_1_273' title='bbox 267 4458 354 4521; x_wconf 78' lang='lat' dir='ltr'><strong>mano</strong></span> <span class='ocrx_word' id='word_1_274' title='bbox 376 4455 601 4522; x_wconf 85' lang='lat' dir='ltr'><strong>emendationes</strong></span> <span class='ocrx_word' id='word_1_275' title='bbox 625 4454 798 4538; x_wconf 82' lang='lat' dir='ltr'><strong>praeclarae</strong></span> <span class='ocrx_word' id='word_1_276' title='bbox 812 4460 895 4536; x_wconf 88' lang='lat' dir='ltr'><strong>sont,</strong></span> <span class='ocrx_word' id='word_1_277' title='bbox 918 4455 1094 4521; x_wconf 81' lang='lat' dir='ltr'><strong>collationes</strong></span> <span class='ocrx_word' id='word_1_278' title='bbox 1110 4462 1145 4520; x_wconf 92' lang='lat' dir='ltr'><strong>ut</strong></span> <span class='ocrx_word' id='word_1_279' title='bbox 1157 4456 1208 4520; x_wconf 89' lang='lat' dir='ltr'><strong>illo</strong></span> <span class='ocrx_word' id='word_1_280' title='bbox 1222 4463 1304 4521; x_wconf 85' lang='lat' dir='ltr'><strong>tcm-</strong></span> 
     </span>
    </p>
   </div>
   <div class='ocr_carea' id='block_1_8' title="bbox 0 0 1538 5162">
    <p class='ocr_par' dir='ltr' id='par_1_8' title="bbox 0 0 1538 5162">
     <span class='ocr_line' id='line_1_36' title="bbox 0 0 1538 5162; baseline 0 0"><span class='ocrx_word' id='word_1_281' title='bbox 0 0 1538 5162; x_wconf 95' lang='lat' dir='ltr'><strong> </strong></span> 
     </span>
    </p>
   </div>
  </div>
 </body>
</html>
