3086 5154
617 440 712 493 σοιν
725 439 877 492 neam.
1216 409 1264 482 59

227 610 293 697 μοι’
322 635 379 691 σος
407 609 621 700 παιδαγωγοῦ
647 607 709 697 γὰρ
739 606 881 695 ἐδεόμην
902 615 947 695 τῷ
973 607 1172 696 παιδλκαλῷ
1196 607 1266 675 ὄντι

145 772 147 775 .
227 741 299 799 μοι.
335 714 450 781 ms.
475 714 524 788 τίς
546 714 574 779 δ
596 712 637 779 ἂν
649 710 906 798 ἐπιτηδειότερος
924 717 1009 798 ἐμοῦ
1017 713 1144 800 γένοιτο
1158 725 1265 779 συνεῖ-

229 843 282 883 ναι
302 819 387 906 καλῷ
395 845 409 899 ,·
438 814 575 906 καὶγὰρ
599 816 635 882 ού
659 823 723 883 τῶν
747 815 906 902 σωμάτων
929 813 1066 901 ἐραστής
1089 819 1173 901 εἰμι,
1201 813 1265 901 την

228 919 336 1010 ψυχὴν
359 921 394 987 δὲ
414 919 561 1009 ἡγοῦμαι
577 918 690 1006 καλήν.
738 921 849 1007 ἀμέλει
870 920 930 986 κᾶν
951 917 1019 986 ὑπὸ
1040 917 1164 986 οαύτδν
1186 917 1265 1005 lisoi-

227 1021 300 1092 τιύν
320 1050 381 1109 μοι
409 1030 426 1068 *
454 1026 688 1103 κατακέωνται,
722 1022 846 1113 ἀκούσῃ
870 1023 978 1090 αὐτῶν
1006 1021 1167 1112 λεγόντων
1195 1048 1265 1108 μη·
1283 1041 1333 1093 556

229 1129 285 1196 dlv
313 1127 373 1195 ὑπ’
404 1132 487 1215 ἐμοῦ
513 1126 622 1196 δεινὰν
642 1135 779 1195 παθεῖν.
824 1127 915 1193 ΩΝ.
949 1127 1072 1199 ἄπιστα
1093 1129 1202 1216 λύγοις,
1226 1125 1265 1192 τύ

228 1230 450 1318 παιδεραστὴν
474 1231 554 1299 ὄντα
580 1229 629 1317 μὴ
653 1233 737 1318 πέρα
766 1238 825 1316 τῆς
846 1237 952 1320 ψυχῆς
971 1257 1003 1297 τι
1024 1232 1266 1319 πολυπραγμο-

230 1350 310 1416 νεῖν,
334 1337 387 1402 καὶ
409 1342 515 1403 ταῦτα
537 1341 590 1401 ἐπ’
614 1335 770 1415 ἐξουσίας,
794 1332 862 1401 toi
891 1342 935 1422 τῷ
959 1334 1044 1423 αὐτῷ
1068 1333 1184 1422 ἱματίῳ
1206 1359 1266 1399 κα-

227 1441 431 1524 τακείμενον.
481 1444 530 1508 16.
575 1438 692 1505 ΣΩΚ.
730 1439 784 1505 καὶ
815 1436 886 1523 μὴν
917 1437 1031 1524 ὀμνύω
1060 1440 1098 1526 γε’
1127 1463 1180 1505 σοι
1206 1436 1265 1505 τδν

228 1541 310 1610 ιιύνα
332 1544 385 1609 καὶ
407 1542 470 1629 τήν
491 1541 671 1621 πλάτανον,
698 1544 782 1608 ούτω
804 1548 898 1608 ταῦτ’
922 1540 1013 1631 ἔχειν.
1059 1542 1150 1608 ΩΝ.
1181 1540 1265 1628 ἡρά-

228 1649 309 1722 ιιλιις
330 1654 389 1732 τῆς
411 1646 551 1722 ἀτοπίας
573 1653 639 1713 τῶν
660 1652 761 1712 θεῶν.
807 1645 923 1712 ΣΩΚ.
958 1645 991 1711 τύ
1014 1644 1054 1711 ού
1074 1645 1193 1734 λέγοις,
1226 1644 1263 1711 ού

230 1751 317 1816 δοκεῖ
338 1775 390 1818 σοι
413 1750 431 1816 ὁ
450 1749 537 1817 κύων
559 1750 641 1816 εἶναι
662 1747 762 1830 mig,-
794 1749 851 1838 οὐχ
875 1748 953 1837 ὁρᾷς
973 1746 1033 1816 τόν
1048 1747 1208 1837 Ἄνουβιν
1230 1756 1266 1815 ἐν

228 1851 388 1943 Αἰγύπτῳ
419 1856 515 1935 ὅσσος
550 1854 604 1919 καὶ
639 1852 697 1921 τὸν
727 1858 761 1918 ἐν
796 1852 924 1941 οὐρανῷ
953 1854 1082 1939 Σείριον
1115 1856 1169 1919 καὶ
1196 1851 1266 1920 ’τὸν

228 1956 318 2043 παρὰ
351 1971 421 2033 τοῖς
449 1955 536 2024 κάτω
565 1957 757 2044 Κέρβερον,·
804 1960 853 2025 11.
897 1956 987 2023 szN.
1013 1952 1048 2023 εὖ
1070 1958 1180 2059 λύγοις,
1205 1955 1264 2046 ἐγώ

298 2119 339 2169 iti.
367 2113 459 2182 ὀμνύω
483 2117 557 2169 ΑΨΩ
580 2125 607 2169 et
630 2135 655 2167 v.
694 2111 798 2182 ὄμνυμί
821 2117 884 2167 dm.
956 2113 1007 2166 τὸν
1029 2112 1097 2168 κύνα
1120 2134 1145 2167 ιι.
1170 2134 1195 2167 τ.
1221 2114 1263 2182 π]

228 2204 374 2255 scholiasta
397 2205 433 2255 ad
456 2206 481 2255 h.
501 2205 518 2255 l.
543 2222 558 2255 e
583 2204 667 2255 schol.
692 2204 815 2254 Platonis
833 2220 859 2267 p.
879 2202 942 2266 331,
966 2206 1022 2254 sive
1042 2203 1137 2256 Photio
1155 2222 1182 2270 p.
1202 2205 1263 2267 ⁴81,

228 2293 318 2343 2sive
337 2294 427 2357 potius
445 2291 555 2341 eSuida
573 2307 594 2340 s.
613 2307 638 2341 v.
675 2283 896 2354 Ῥαδαμάνθυος
914 2284 997 2356 ὅρκοι
1014 2291 1085 2341 hunc
1103 2290 1186 2341 habat
1197 2292 1263 2341 Cra·

228 2378 583 2431 tinieChirooibuslocum:
603 2370 656 2435 ‚oie
672 2364 708 2440 ἦν
724 2375 852 2442 μέγιστοι
866 2370 952 2442 ’ὅρκοι
971 2372 1073 2427 ἅπαντι
1090 2370 1160 2443 λόγῳ
1179 2370 1261 2436 κύων,

229 2458 325 2535 ἔπειτα
341 2460 400 2528 χὴν,
420 2458 547 2516 θεούιδ
568 2458 685 2529 ἐσίγων,
705 2479 774 2528 quae
785 2463 868 2514 verba
883 2465 960 2514 malis
979 2463 1142 2528 conjecturis
1160 2468 1265 2514 tentate

228 2554 298 2599 sunt.
334 2553 413 2601 immo
438 2551 592 2615 corruptela
613 2552 640 2600 in
662 2549 804 2599 vocabulis
829 2542 931 2599 ἅπαντι
955 2543 1025 2617 λόγῳ
1044 2552 1126 2614 inest,
1148 2550 1219 2601 sicut
1237 2555 1264 2599 ct

228 2643 340 2687 metrum
360 2643 386 2688 et
404 2639 464 2703 ipse
482 2637 562 2688 docet
581 2637 723 2687 sententia.
762 2639 881 2703 corrige:

385 2790 542 2838 ψ-’.υ-
577 2785 742 2855 νέω-η
762 2784 803 2845 οἷο
820 2779 855 2855 ἦν
871 2790 998 2860 μέγιστοι
1016 2784 1099 2858 ὅρκοι

274 2946 278 2953 Ι
382 2873 463 2939 κύων,
485 2874 581 2929 ι”πιιτα
598 2876 657 2943 γὴν,
677 2876 763 2933 θεοὺς
781 2871 811 2929 δὲ
829 2873 1005 2933 παντελῶς
1023 2874 1128 2946 ἐσίγων.

229 2966 320 3016 confer
338 2968 416 3017 etiam
436 2967 549 3016 Lucian.
587 2966 691 3032 Catapl.
711 2983 734 3016 c.
755 2966 785 3018 11
812 2973 839 3016 et
861 2966 904 3017 De
923 2966 981 3017 Cal.
999 2982 1026 3016 n.
1045 2970 1064 3015 t.
1084 2965 1156 3016 cred.
1176 2982 1200 3015 c.
1221 2965 1262 3016 17.

295 3046 381 3116 ταῦτ’]
399 3048 487 3102 ταύτα
497 3053 547 3104 Ae
558 3058 585 3103 et
595 3054 708 3105 fortasse
722 3052 778 3102 ΨΩ.
849 3048 900 3102 τὸν
911 3046 1040 3118 Ἄνουβιν
1058 3045 1096 3115 ἐν]
1112 3046 1162 3101 τὸν
1181 3045 1262 3101 daeo-

228 3138 274 3202 μιν
290 3133 339 3188 τὸν
357 3133 387 3187 ἐν
405 3141 441 3189 M.
512 3131 642 3206 Αἰγύπτῳ
671 3132 735 3192 ὅσοι
752 3139 829 3190 Ades
853 3145 923 3190 etv.
966 3130 1086 3205 οἰγύπτη
1110 3133 1197 3203 θοῶς
1226 3139 1260 3187 Φ.

230 3213 351 3289 αι’γύπτῳ
375 3220 445 3279 dete
462 3226 499 3275 Μ.
576 3223 654 3291 παρὰ
673 3223 740 3291 τοῖς]
765 3222 844 3292 παρὰ
861 3222 926 3279 soie
942 3225 1003 3275 ΩΦ.

298 3310 339 3362 17.
368 3328 437 3377 quae
456 3329 473 3363 a
489 3312 579 3362 verbis
598 3303 665 3362 οἰκῶ
683 3309 734 3378 μέν
751 3318 908 3379 sequuntur,
935 3329 968 3363 ea
986 3312 1091 3363 Gesner
1109 3311 1263 3362 dubitanter
1284 3380 1287 3385 ,

229 3395 347 3461 conjecit
369 3415 422 3448 non
442 3398 548 3449 Socrati
566 3400 710 3450 tribuendo
728 3416 789 3449 esse
807 3400 855 3450 sed
873 3400 990 3460 Platoni,
1010 3415 1070 3449 cum
1088 3400 1112 3449 is
1129 3401 1157 3448 in
1168 3400 1262 3449 Pisca-

228 3489 286 3533 torc
305 3484 416 3548 injurias
434 3484 478 3535 hie
496 3486 547 3534 eibi
570 3486 659 3536 illatas
678 3492 731 3536 tam
756 3487 874 3550 graviter
891 3491 1078 3551 persequatur.
1115 3492 1142 3536 et
1161 3485 1262 3537 Solane

229 3572 308 3621 etiom
323 3571 417 3635 judice
434 3571 502 3622 haee
520 3574 618 3623 'omnia
638 3574 832 3637 propemodum
851 3589 904 3622 non
924 3572 1064 3622 Socratem
1082 3577 1197 3638 tangunt
1214 3573 1263 3623 sed

229 3658 378 3708 Platonem.
394 3664 488 3709 vreete.
521 3659 583 3710 hinc
603 3676 654 3724 ego
673 3665 735 3725 poet
748 3651 940 3724 διημάρτανον
957 3660 1071 3709 lacunae
1089 3661 1167 3724 signa
1183 3661 1264 3723 posui

229 3760 261 3793 ιιο
280 3745 406 3809 deinceps
426 3763 449 3795 c.
470 3745 548 3797 ll'et
566 3764 589 3796 ο.
610 3745 642 3796 18
660 3763 709 3812 pro
727 3745 810 3795 ΣΩΚ.
849 3746 921 3796 edidi
938 3743 1069 3804 HAAT„
1096 3746 1218 3795 codicem
1235 3745 1261 3794 Μ

229 3829 273 3891 (de
292 3847 345 3896 quo
364 3832 398 3882 ad
417 3850 441 3883 c.
458 3832 490 3882 15
509 3834 566 3883 init.
586 3832 651 3892 dixi)
670 3835 766 3898 partim
784 3839 901 3883 secutos.
939 3833 1002 3897 quid
1028 3831 1098 3897 quod
1117 3831 1201 3881 multa
1218 3832 1262 3882 hic

229 3918 324 3968 deesse
334 3935 387 3969 non
397 3920 466 3984 fugit
476 3920 614 3981 Cossium,
635 3922 681 3986 qui
693 3921 723 3971 V.
733 3920 764 3969 L.
777 3936 803 3984 p.
814 3920 878 3971 238:
899 3936 931 3981 ‚e.
944 3918 1144 3978 171οοιιτιοοολ,
1159 3919 1261 3984 inquit:

228 4006 312 4056 multa
330 4007 487 4057 exciderunt
506 4012 568 4071 post
591 3999 797 4073 διημάρτανον,
823 4008 918 4072 quibus
942 4007 1106 4071 colloquium
1131 4022 1191 4055 cum
1211 4006 1261 4056 So·

157 4148 162 4157 Ι
229 4097 301 4141 orate
326 4094 443 4144 obsolvit
467 4100 494 4145 et
510 4094 635 4158 produxit
652 4095 814 4145 Platonem‘
887 4087 924 4156 ἓν]
944 4086 977 4140 δν
992 4095 1023 4142 Α.
1096 4084 1261 4158 ἐβουλόμην]

228 4172 389 4243 ἠβουλόμην
407 4180 442 4229 Φ.
515 4174 600 4230 δοκεῖ.
638 4174 779 4247 μηδεμίαν
795 4178 934 4252 ΑΟΨΩΜ.
969 4171 1063 4229 δοκεῖ·
1083 4171 1262 4243 δοκιῖμηδι-

227 4263 295 4328 μιάν
313 4268 492 4318 vetiortosee
513 4269 547 4318 Φ.
618 4267 647 4317 τί
661 4264 744 4318 τούτο
764 4261 833 4332 φήςς
861 4283 887 4315 ν.
905 4262 989 4316 τούτο
1009 4262 1063 4332 φὴς
1086 4267 1141 4318 ΑΨ.
1178 4261 1262 4314 τούτο

229 4348 596 4422 φῆι(οιο1οιοροοιγοἰμοο
620 4353 748 4420 persona)
769 4354 804 4404 Φ.
839 4369 928 4403 ταυτα
948 4348 1002 4419 φής
1018 4352 1051 4403 Ω.
1140 4349 1264 4417 μσιγιλαι
