3066 5162
291 409 363 481 176
691 437 921 490 Λουτικαοτ

286 608 393 690 τόξων
422 607 622 695 ἀπέπεμπεν
650 616 788 676 ἕκαστον
817 613 849 683 ἐς
880 605 941 675 τόν
969 615 1036 675 τῶν
1065 607 1194 696 ἀοεβιῖιν
1222 617 1326 700 χῶρον

219 734 269 788 473
288 714 380 799 δίκην
404 716 425 755 ⁴*
447 710 608 799 ὑφέξοντα
641 712 706 779 κατ’
743 711 838 788 ἀξίαν
869 719 935 779 τῶν
966 715 1232 800 τετολμημένων.
1273 715 1326 780 καί

286 816 430 905 μάλιστα
452 816 582 884 ἐκείνων
602 819 727 902 ήπτετσ
750 825 816 883 τῶν
832 816 886 883 ἐπί
908 814 1063 892 πλούτοις
1083 842 1120 883 τε
1141 818 1195 883 καί
1216 816 1327 907 ἀρχαῖς

287 923 524 1009 τετυφωμένων
545 922 598 988 καί
620 922 800 1010 μονονουχὶ
828 921 881 987 καί
909 929 1169 1007 προσκυνεῖσθαι
1190 946 1326 1008 περιμε-

287 1022 424 1105 νόντων,
460 1024 522 1111 τήν
544 1051 580 1092 τε
602 1023 822 1114 ὀλιγοχρόνιον
844 1024 1037 1105 ἀλαζονείαν
1060 1024 1169 1093 αὐτῶν
1190 1027 1244 1093 καί
1265 1023 1327 1110 τήν

286 1128 477 1215 ὑπεροψίαν
497 1128 766 1216 μυσαττόμενος,
799 1130 854 1195 καί
876 1130 927 1196 ότι
954 1156 1004 1216 μη
1027 1131 1216 1216 ἐμέμνηντο
1238 1137 1327 1215 θνη-

286 1234 344 1301 τοί
359 1259 396 1300 τε
418 1232 510 1309 ὄντες
533 1233 627 1300 αὐτοὶ
649 1235 703 1299 καί
724 1241 858 1319 θνητῶν
881 1232 1020 1323 ἀγαθῶν
1040 1233 1259 1325 τετυχηκότες.
1297 1238 1328 1301 σί

288 1337 324 1405 δὲ
353 1335 606 1424 ἀποδυσόμενοι
634 1336 675 1404 τὰ
705 1335 842 1423 λαμπρὰ
871 1342 978 1405 ἐκεῖνα
1005 1335 1134 1417 πάντα,
1165 1336 1328 1413 πλούτους

287 1443 366 1531 λίγω
388 1443 443 1508 καί
469 1444 546 1531 γίνη
569 1442 623 1509 καί
646 1441 857 1521 δυναστείας,
888 1442 1010 1531 γυμνοί
1032 1439 1119 1509 κάτω
1142 1440 1328 1518 νενευκότες

287 1544 564 1632 παρειστήκεσαν,
601 1547 709 1632 ὥσπερ
741 1544 815 1611 τινά
847 1544 976 1633 ὄνειρον
1005 1544 1329 1635 ἀναπεμπαζόμενοι

286 1648 348 1736 τήν
377 1649 453 1737 παρ’
484 1650 569 1736 ἡμῖν
599 1649 825 1736 εὐδαιμονίαν,
870 1653 951 1718 ὥστε
983 1650 1081 1740 ἔγωγε
1113 1650 1210 1718 ταῦθ’
1243 1649 1328 1737 όριόν

287 1753 501 1844 ὑπερέχαιρον
522 1755 576 1820 καί
598 1757 630 1820 εί
645 1780 719 1821 τινα
740 1754 936 1844 γνωρίσαιμι
965 1754 1083 1835 αὑτων,
1115 1754 1263 1843 προσιιὺν
1285 1756 1327 1821 ἀν

287 1856 391 1948 ήουχη
414 1885 484 1935 πως
512 1857 767 1946 ὑπεμίμνησκον
795 1857 865 1936 σίος
892 1854 937 1945 ήν
964 1858 1054 1947 παρὰ
1082 1860 1143 1929 τόν
1169 1860 1246 1947 βίον
1274 1861 1328 1926 καί

287 1962 398 2047 ήλίκσν
426 1960 531 2050 λφόσα
560 1960 652 2043 τότε,
684 1962 782 2049 ἡνίκα
811 1964 927 2031 πολλοί
954 1967 1019 2051 μὲν
1046 1970 1152 2030 ε”ωθεν
1181 1965 1236 2031 ἐπί
1263 1970 1328 2031 τῶν

287 2064 467 2154 προθὺρων
501 2065 760 2154 παρειστήκεσαν
782 2066 846 2153 τήν
874 2064 1026 2155 πρόοδον
1056 2065 1159 2135 αὐτοῦ
1191 2069 1327 2153 περιμέ-

287 2196 417 2251 νοντες,
463 2170 656 2258 ὠθούμενοί
693 2198 729 2240 τε
768 2174 821 2239 καί
855 2170 1106 2258 ἀποκλειόμενοι
1146 2169 1230 2256 πρός
1262 2178 1328 2238 τῶν

219 2301 271 2353 474
289 2279 431 2343 οἰκετων.
457 2279 478 2318 ⁴*
501 2273 519 2341 ὑ
544 2274 580 2341 δὲ
608 2272 707 2365 μόγις
737 2274 780 2342 ἄν
800 2300 883 2342 ποτε
910 2274 1081 2352 ἀνατείλας
1104 2262 1215 2350 αίάοις
1243 2300 1329 2360 πορ-

288 2386 412 2465 φυροῦς
443 2404 491 2454 τις
529 2377 551 2463 ἢ
584 2379 775 2468 περίχρυσος
814 2406 836 2464 η
872 2379 1087 2459 διαποίκιλος,
1128 2378 1328 2466 εὐδαίμονας

288 2481 367 2571 ᾤετο
391 2483 445 2548 καί
473 2481 657 2568 μακαρίους
685 2481 880 2567 ἀποφαίνειν
902 2480 980 2560 τοὺς
1008 2481 1268 2570 προσειπόντας,
1301 2487 1330 2549 εἰ

287 2583 326 2652 τό
362 2592 489 2671 στῆθος
522 2585 544 2670 ἤ
572 2582 635 2670 τήν
669 2582 774 2661 δεξιὰν
807 2586 988 2672 προτείνων
1022 2586 1095 2672 δοίη
1129 2589 1324 2674 καταφιλεῖν.

288 2693 403 2756 ἐκείνοι
430 2692 495 2775 μὲν
517 2685 578 2756 οὖν
605 2687 745 2774 ἠνιῶντο
777 2688 972 2767 ἀκοὺοντες·
1022 2694 1071 2759 13.
1104 2698 1149 2780 τῴ
1172 2690 1208 2759 δὲ
1229 2691 1326 2778 Μίνῳ

287 2896 352 2952 τότε
372 2901 425 2952 ΟΦ
443 2907 513 2952 etv.
550 2897 673 2968 ε’φὺσατσ
694 2897 826 2968 (ε’φυσῖιτσ
844 2903 880 2961 Ω)
898 2897 962 2954 τότε
982 2903 1089 2955 cmm.
1127 2897 1248 2968 ε’φὺσσιις
1264 2897 1327 2953 τότε

290 2989 322 3039 G.
401 2982 502 3038 πολλοὶ
528 2987 580 3054 μὲν
603 2986 704 3055 ἕωθεν]
731 2985 824 3040 ’ἕωθεν
840 2983 939 3041 πολλοὶ
956 2988 1008 3056 μίν
1026 2991 1072 3042 ΒΟ
1093 2988 1142 3052 (ita
1161 2990 1196 3051 O)
1216 2990 1248 3040 G.

288 3069 445 3141 προδὺρων
467 3076 691 3127 BOGNTUVYd.
729 3071 863 3127 πυλώνων
880 3076 906 3126 Ω
930 3084 1001 3129 etv.
1038 3077 1086 3128 sed
1106 3076 1133 3124 Φ
1157 3079 1208 3127 ita:
1238 3072 1329 3125 ἕωθεν

618 3179 651 3212 σν
778 3181 796 3213 α

288 3224 523 3295 παρειστήκεισαν
541 3226 586 3281 ina
604 3231 661 3282 τῶν
677 3214 819 3283 πυλοίνων.
905 3228 1129 3297 παρειστήκεσαν
1147 3233 1203 3282 CL.
1239 3247 1327 3297 παρτ·

289 3311 426 3379 οτήκεσαν
441 3316 475 3366 Ω.
501 3315 735 3385 παρειστήκεισαν
752 3319 806 3369 ΩΦ
823 3326 851 3372 et
867 3337 893 3371 τ.
966 3313 1258 3384 αὑτοὺ]αιίτῶνΒο6.

290 3397 506 3469 ἀποκλειόμενοι
518 3404 572 3455 ΩΦ
587 3411 614 3457 et
628 3422 654 3457 τ.
683 3402 884 3473 ἀπσσειόμενοι
900 3408 1074 3458 BOGTVYd.
1144 3398 1233 3472 μόγις]
1250 3397 1330 3470 μόλις

288 3489 350 3541 ΩΦ,
422 3481 497 3542 εἰτὸ
517 3489 570 3558 οτ.]
589 3493 744 3544 Dindorfius
763 3497 800 3557 (in
819 3495 861 3546 ed.
881 3494 989 3555 Parim).
1025 3488 1096 3559 ήτσ
1118 3506 1157 3542 οτ.
1176 3492 1259 3544 BOG.
1295 3485 1330 3554 ἢν

288 3574 321 3628 τό
341 3593 381 3628 οτ.
400 3578 454 3627 ΩΦ
471 3584 499 3629 et
516 3596 541 3630 v.
613 3572 677 3644 δοίη
689 3597 731 3632 om
741 3580 826 3632 Boo.
899 3575 1001 3630 ἐκεῖνοι
1019 3580 1079 3631 libri
1096 3595 1199 3631 omnes.
1238 3574 1328 3629 ίκιῒνσ

290 3666 433 3718 Βείιτῑεοε
451 3682 499 3731 ρει
518 3683 644 3718 errorem.
717 3654 767 3717 οὑν
785 3684 827 3719 om
848 3668 880 3719 G.

359 3752 401 3804 13.
437 3751 520 3817 Μίνῳ
540 3753 575 3803 Φ.
612 3752 683 3819 μίνω
704 3754 763 3805 OG.
800 3753 897 3804 Μίνωϊ
911 3772 937 3806 τ.
1008 3757 1055 3804 καὶ
1072 3748 1154 3819 πρὸς]
1172 3755 1219 3803 καλ
1237 3768 1281 3804 om
1294 3750 1328 3803 Ω.

359 3831 496 3902 ἐδικάσθη
518 3832 580 3904 δίκη
601 3842 624 3892 O
643 3840 691 3903 (ita
710 3841 744 3903 Ο)
768 3840 822 3890 ΩΦ
841 3847 911 3893 etv.
949 3834 1011 3906 δίκη
1038 3843 1121 3894 omB
1148 3846 1176 3891 et
1199 3841 1246 3891 ubi
1264 3831 1326 3904 δίκη

289 3924 324 3975 κδ
342 3923 394 3989 μία
410 3941 453 3980 τις
470 3927 635 3991 adscriptum
655 3927 687 3977 G.
723 3928 787 3978 hinc
804 3929 957 3981 sneobitinn
974 3942 1072 3980 vocem
1094 3920 1157 3989 δίκη
1182 3927 1256 3977 delet
1272 3927 1328 3979 εοΙ·

289 4009 345 4061 lato
364 4011 410 4062 Bi·
428 4014 525 4063 Aecus.
545 4029 569 4062 e.
588 4012 604 4065 7
622 4011 667 4062 δα.
738 4012 790 4063 τόν
806 4010 859 4081 γὰρ
877 4015 959 4067 ΒΟΘ.
986 4009 1037 4065 τόν
1053 4008 1107 4082 γάρ
1124 4028 1170 4063 τοι
1185 4012 1240 4063 ΩΦ
1258 4018 1286 4064 et
1302 4029 1329 4066 v.

368 4089 457 4146 πολλὰ
480 4100 528 4147 καὶ
553 4091 653 4148 ἀνόσια
672 4099 694 4149 Ο
715 4100 763 4159 (ita
782 4098 815 4159 0)
835 4106 862 4151 ετ
879 4116 905 4151 v.
941 4093 1031 4150 πολλιί
1054 4115 1084 4150 τε
1110 4103 1157 4149 καὶ
1176 4093 1275 4150 ἀνόσια
1294 4099 1327 4150 G.

288 4174 427 4233 πολλάκι
445 4186 491 4233 καὶ
510 4176 589 4235 δεινὰ
608 4188 655 4233 καὶ
674 4178 776 4234 ἀνόσια
786 4185 894 4238 cmm.
929 4181 1019 4238 πολλὰ
1037 4191 1085 4238 καὶ
1102 4179 1182 4237 δεινὰ
1198 4190 1247 4237 καὶ
1263 4179 1329 4236 ἀκό·

291 4284 338 4318 σια
348 4269 382 4321 Φ.
452 4264 507 4320 ίιπό
524 4267 680 4336 ειΔίωνοτ]
695 4266 749 4321 ὑπὸ
768 4268 818 4322 τοὺ
835 4265 935 4328 δίωτοι
943 4275 976 4325 Ν.
1049 4278 1096 4326 καὶ
1114 4268 1168 4324 ὑπὸ
1185 4268 1235 4339 τήε
1253 4269 1331 4327 ιικιᾶτ

291 4356 445 4409 Gronovius
462 4363 548 4423 puter.
585 4360 632 4409 καὶ
655 4352 712 4409 ὑπὸ
738 4355 788 4425 τῆτ
810 4357 894 4414 noae
913 4358 940 4410 Ω
957 4366 985 4412 ει
1002 4376 1019 4411 v
1042 4360 1087 4423 (de
1107 4360 1134 4409 Φ
1149 4377 1244 4427 pamm
1263 4376 1329 4412 τσο·
