3050 5160
620 423 829 477 srnorxos.
909 464 925 485 ,.
1167 392 1241 462 249

201 600 313 688 ἠξίουν
344 594 580 691 ἀποδύσαντας
610 593 712 661 αὐτὸν
742 595 851 679 ὥσπερ
884 591 963 668 τούς
996 590 1244 683 ἀργυρωνήτους

202 710 410 781 ἐπισκοπεῖν,
452 704 482 767 εἰ
515 697 655 766 dhre-cor
698 698 889 785 φιλοσοφεῖν
917 692 959 762 τόι
988 721 1026 784 γε
1062 693 1147 783 πρός
1179 703 1243 762 τῶν

204 806 339 896 ὄρχεων·
377 809 409 871 οἱ
438 803 474 870 δὲ
501 801 548 870 έτι
577 799 779 891 γελοιότερον
806 801 1126 887 μεταστειλαμένους
1153 797 1244 876 τινάς

203 919 269 979 τῶν
302 914 334 987 ἐξ
374 907 557 995 οἰκήματος
593 913 757 997 γυναικών
789 903 928 971 κελεύειν
961 901 1065 971 αὐτόν
1099 916 1244 971 συνεῖναι

203 1016 258 1080 καὶ
287 1013 426 1093 ὀπυίειν,
457 1012 512 1078 καί
538 1035 612 1078 τινα
641 1019 706 1077 των
736 1010 898 1077 δικαστῶν
925 1010 986 1075 τὸν
1015 1004 1245 1094 πρεσβύτατόν

203 1144 240 1186 τι
268 1119 322 1184 καὶ
350 1113 550 1185 πιστότατον
572 1120 736 1203 &provoco
760 1113 854 1200 ὁρᾶν,
884 1116 915 1179 el
942 1113 1122 1200 φιλοσοφεῖ.
1158 1110 1254 1199 μετὰ.
1280 1146 1283 1152 ¹

205 1222 241 1289 δὲ
270 1223 341 1289 ἐπεὶ
373 1220 503 1296 πάντας
533 1219 551 1286 ό
580 1221 679 1309 γέλως
710 1232 833 1309 κατεῖχε
861 1219 916 1283 καὶ
946 1217 1053 1293 οὐδεὶς
1083 1219 1172 1293 ὅστις
1205 1214 1246 1283 orl

202 1323 266 1411 τήν
297 1326 439 1414 γαστέρα
471 1323 560 1412 ἤλγει
592 1320 818 1410 βραττόμενος
852 1322 906 1389 ὑπ’
945 1321 1060 1402 αὐτοῦ,
1097 1320 1245 1411 ἔγνωσαν

204 1427 455 1515 ἀναπόμπιμον
493 1432 525 1503 ἐς
563 1425 626 1512 τήν
657 1425 796 1493 Ἰταλίαν
834 1428 1004 1511 ἐκπέμψαι
1040 1423 1104 1510 τὴν
1137 1424 1242 1510 δίκην.

208 1537 259 1602 13.
294 1533 349 1599 καὶ
370 1540 433 1600 νῦν
455 1532 569 1616 ἅτερος
592 1534 655 1617 μὲν
677 1528 760 1616 πρός
781 1528 844 1616 τήν
864 1539 931 1597 των
951 1528 1058 1619 λόγων
1079 1526 1242 1609 ἐπίδειξιν,

206 1748 290 1798 verbs
308 1748 428 1798 Cobetus
447 1747 478 1796 V.
497 1746 529 1796 L.
547 1761 574 1811 p.
593 1744 627 1798 18
645 1744 763 1796 delebat.
800 1750 829 1796 st
846 1726 929 1796 verbo
953 1743 1080 1809 ambiguo
1102 1744 1172 1795 duce
1191 1759 1244 1802 res,

208 1850 319 1900 querum
338 1834 446 1899 utrique
464 1833 508 1883 hic
526 1832 604 1882 locus
624 1839 674 1895 est,
694 1833 867 1882 continentur
885 1831 971 1882 slteru
989 1828 1112 1880 συνεῖναι
1128 1829 1245 1899 γυναικί,

207 1921 293 1972 ultore
312 1917 434 1969 συνεῖναι
450 1915 510 1971 tois
527 1917 601 1972 νέοιι
619 1912 676 1981 (ἐπὶ
695 1917 808 1984 σοφέφμ
828 1918 980 1983 cujusmodi
994 1918 1246 1983 jocumeLucisno

206 2023 260 2057 non
284 2009 370 2072 magis
393 2006 488 2057 tollere
513 2006 579 2057 licet
602 2020 682 2071 quem
708 2021 740 2055 ex
764 2005 954 2070 Aristophane.
1033 1998 1143 2056 όιευέειν
1165 2005 1244 2057 sca.

206 2087 305 2143 ἀπύειν
327 2093 425 2158 vulgo,
453 2108 523 2158 quse
546 2093 634 2143 forms
657 2092 742 2142 sttics
765 2091 909 2143 videbatur
933 2093 1064 2143 Piersono
1088 2094 1123 2143 ud
1140 2093 1246 2143 Moerin

207 2195 235 2245 p·
255 2177 307 2233 278
326 2185 353 2230 et
371 2179 493 2230 Porsouo
511 2178 546 2230 ud
565 2178 662 2243 Odyss.
682 2169 722 2236 δ’,
743 2176 803 2229 798.
841 2179 900 2243 ipso
919 2183 1009 2229 sutem
1033 2177 1086 2230 hoc
1103 2179 1187 2229 verbo
1206 2183 1246 2229 to·

206 2281 280 2316 mere
307 2270 413 2331 arrepto
436 2265 587 2315 Lucinnnm
615 2280 720 2315 erresm
744 2264 863 2315 Cobetus
887 2264 919 2314 V.
944 2264 976 2315 L.
1000 2280 1027 2329 p.
1054 2265 1087 2317 78
1112 2267 1246 2330 opinatur.

206 2354 287 2403 immo
306 2352 386 2404 leude
406 2351 503 2417 dignus
522 2356 564 2402 est
581 2351 728 2414 Lucienus,
753 2352 799 2415 qui
817 2350 869 2401 hoc
887 2350 999 2400 verbnm
1019 2366 1034 2400 e
1053 2351 1161 2402 Solonis
1180 2346 1246 2410 ἀξο-

207 2455 251 2490 οιν
273 2437 314 2502 (ut
331 2440 385 2491 alie
406 2437 487 2503 hujus
510 2439 619 2504 generis
641 2454 723 2503 supro
745 2436 761 2501 β
780 2436 823 2495 lot
847 2437 1016 2502 depromtum
1040 2438 1067 2488 h.
1085 2437 1103 2489 l.
1129 2439 1248 2489 scienter

207 2528 329 2592 elegerit.
364 2526 427 2576 vide
446 2540 516 2591 quae
535 2524 589 2574 dixi
608 2525 650 2575 De
668 2524 826 2575 Dsetslens.
846 2523 983 2588 Aristoph.
1002 2538 1029 2588 p.
1044 2524 1088 2576 ld.
1159 2524 1246 2592 βρατ-

205 2607 323 2678 τόμενοι
340 2611 497 2662 Dindorfins
515 2627 564 2677 pro
581 2605 783 2678 βρασσόμενος.
856 2604 891 2675 ἐς]
911 2600 949 2664 εἷς
968 2609 1003 2663 Φ.

277 2699 319 2751 13.
355 2701 401 2747 sat
419 2690 674 2764 παρασκιυάζεεαι]
692 2696 763 2748 hoec
780 2697 867 2747 videri
886 2703 999 2762 possunt
1017 2713 1077 2748 esse
1095 2697 1246 2763 glossems3

206 2792 320 2853 possunt
337 2801 401 2836 vero
421 2786 501 2836 etiem
520 2785 637 2836 defendi.
714 2777 917 2833 ἐναντιώτατον
936 2784 970 2834 Φ.
1007 2777 1203 2834 ένοντιότατον
1219 2801 1246 2835 v.

277 2867 350 2935 αὑτῷ
370 2871 467 2937 vulgo,
495 2871 543 2921 sed
561 2876 635 2922 recte
654 2870 694 2921 Φι
720 2864 805 2933 arisel.
840 2872 962 2937 Bagoam
982 2872 1052 2921 enirn
1068 2870 1143 2921 dicit.
1179 2871 1247 2923 Dio·

208 2960 263 3010 cles
280 2960 309 3009 in
326 2959 439 3009 honoris
457 2960 588 3023 petitione
607 2962 682 3008 retus
701 2957 827 3007 adulterii
846 2960 947 3009 crimen
958 2958 1114 3008 adversario
1133 2959 1247 3007 maxime

161 3035 168 3050 ⁸
208 3045 371 3096 contrarium
397 3060 456 3095 esse
474 3046 595 3109 Bagoam
620 3045 804 3096 demonstrare
829 3045 888 3095 vult
912 3060 971 3095 csse
996 3043 1162 3094 adulterum:
1188 3045 1247 3108 ipse

207 3148 272 3182 vero
290 3133 414 3196 Bagoae,
438 3131 482 3181 cni
500 3132 669 3182 ennuchismi
688 3133 789 3182 crimen
807 3132 917 3198 gravius
934 3129 1086 3192 videbatur,
1112 3131 1199 3180 virum
1218 3146 1247 3181 sc

208 3234 268 3269 csse
287 3218 430 3269 ostendere
447 3217 514 3277 vult,
534 3234 589 3268 non
608 3218 770 3269 eunuchum.
809 3223 837 3269 ct
854 3234 919 3269 vero
942 3217 976 3269 sb
995 3216 1092 3268 Diocle
1110 3216 1248 3267 Lucienus

209 3304 340 3355 dissentit.
383 3305 475 3370 itaque
502 3299 539 3357 ἀι
564 3304 672 3354 videtur
699 3304 841 3355 excidisse.
884 3304 1010 3370 suppleo:
1037 3296 1166 3352 όποκινεῖ
1191 3297 1247 3367 [ὡς]

209 3384 410 3440 ἐναντιώτατον
428 3383 502 3453 αὐτῷ
520 3417 563 3439 -.
637 3382 685 3440 διὰ
702 3385 795 3457 χειρός
812 3386 869 3454 έγει
884 3386 917 3440 τὸ
936 3385 1062 3457 πρᾶγμα]
1078 3390 1180 3441 locutio
1199 3383 1248 3438 διὰ

207 3471 300 3542 χειρός
317 3471 389 3539 ἔχειν
408 3481 435 3525 et
452 3478 560 3541 proprie
579 3484 726 3542 usurpetur
743 3474 785 3542 (ut
802 3477 836 3528 eb
855 3479 979 3542 Thucyd.
998 3479 1034 3539 11,
1052 3477 1086 3528 ld
1106 3477 1247 3528 etPluter·

169 3628 171 3633 Ι
209 3563 259 3613 cho
279 3564 305 3612 iu
325 3564 437 3613 Cimone
455 3579 479 3613 c.
500 3562 542 3622 11)
562 3570 589 3612 et
608 3564 802 3628 metaphorice.
838 3565 876 3615 ito
898 3565 969 3614 idem
995 3564 1157 3613 Plutarchus
1184 3564 1250 3614 dicit

210 3640 258 3698 ἀιά
274 3645 367 3716 χειρὸς
385 3646 457 3711 ἔχειν
471 3644 524 3713 τὴν
541 3642 626 3700 πόλιν
643 3652 671 3700 in
690 3650 795 3701 Pericle
815 3666 838 3700 c.
858 3648 892 3700 34
918 3651 990 3699 etin
1009 3649 1142 3699 Cicerone
1161 3664 1184 3701 c.
1205 3647 1247 3711 ld,

208 3739 266 3786 sive
283 3731 333 3789 τάι
349 3730 444 3787 πόλεις
461 3742 491 3786 ut
509 3737 536 3785 in
554 3737 694 3787 Demetrio
714 3754 737 3787 c.
760 3739 774 3786 5
794 3743 822 3787 et
839 3735 962 3786 inFcbio
981 3736 1098 3785 Maximo
1109 3751 1132 3783 ο.
1144 3735 1172 3797 2,
1190 3736 1248 3785 sive

208 3817 244 3871 τά
269 3814 392 3887 δημόσια
414 3829 444 3871 ut
465 3824 494 3872 in
518 3823 666 3874 Moralibns
689 3840 716 3889 p.
735 3822 796 3886 81³,
816 3823 847 3884 O,
870 3823 927 3872 sive
946 3815 995 3874 τάι
1012 3814 1081 3884 ὑπὲρ
1099 3815 1157 3870 τῶν
1176 3814 1249 3870 όλων

208 3902 326 3972 πράξειε
341 3914 371 3958 ut
389 3910 416 3958 in
435 3911 518 3960 Bruto
537 3926 561 3960 c·
583 3908 624 3973 36,
644 3917 671 3961 et
688 3911 786 3961 similis
803 3908 886 3960 habet
901 3907 1076 3972 Thucydides
1093 3909 1130 3968 Il,
1150 3907 1195 3959 ts:
1212 3901 1249 3957 τά

208 3990 314 4044 τετῶν
331 3988 478 4060 ξυμμάχων
497 3987 546 4045 διὰ
563 3991 655 4063 χειρὸς
673 3991 752 4060 ἔχειν.
790 3996 885 4046 eedem
903 3995 1061 4060 metaphora
1072 3995 1179 4045 Tullius
1195 3997 1249 4045 nti-

208 4090 253 4133 tur
270 4084 298 4131 in
315 4083 427 4133 Verrem
446 4084 466 4143 l,
485 4083 513 4135 h:
533 4099 633 4149 „quam
651 4100 725 4148 sporn
743 4098 816 4132 nuuc
834 4082 934 4133 habeut
951 4083 978 4131 in
996 4080 1150 4132 manibus.“
1184 4085 1248 4149 quin

210 4172 291 4220 etiem
308 4164 425 4236 πρᾶγμα
444 4160 492 4218 διὰ
509 4164 602 4233 χειρός
620 4165 691 4234 ἔχειν
708 4170 891 4235 metaphorice
914 4169 1023 4234 ponitur
1046 4168 1130 4219 veluti
1154 4169 1188 4219 de
1202 4168 1247 4233 ju·

211 4254 270 4306 dice
289 4255 322 4306 eb
333 4257 425 4319 Enrip.
436 4258 463 4305 in
473 4256 588 4307 Hecuba
598 4273 623 4306 v.
635 4256 716 4309 1242:
737 4247 866 4320 αἰσχύνην
885 4255 967 4321 φέρει
981 4254 987 4318 1
1001 4249 1104 4322 πρᾶγμ’
1125 4249 1152 4308 έε
1167 4254 1249 4320 χέρας

210 4333 317 4408 λαβόντ’
344 4335 516 4392 ἀπώσασθαι
537 4334 613 4392 τόδε.
650 4348 742 4395 nostro
767 4343 784 4394 l.
804 4358 885 4408 quum
910 4345 1000 4394 omnis.
1022 4343 1152 4394 translate
1176 4342 1249 4392 dicte
1296 4330 1301 4339 ’
