3050 5160
278 443 353 515 232
684 473 912 525 Λοπιιιωοο

276 654 318 736 τῆ
352 646 437 735 ὁπλῇ
443 697 454 726 ,
497 644 514 712 ὁ
550 647 586 712 δέ
619 643 763 732 ἔμπαλιν
796 644 1010 712 ἐπανίσταται
1043 644 1097 711 καί
1128 641 1318 731 τοάδάφοας

209 772 261 824 σιτ
279 749 572 839 ἀντιλαμβάνεται,
598 754 618 793 ⁴*
642 746 707 817 οίοί
728 754 810 817 εἰσιν
833 754 865 816 οί
887 757 985 817 ἵπποι
1013 747 1212 837 πειρώμενοι
1233 747 1317 815 ἀνα-

277 857 402 943 πηδᾶν.
448 869 521 924 τοῖν
543 868 693 943 νεογνοῖν
722 856 759 921 δέ
786 853 825 921 οδ
854 859 920 942 μὲν
949 854 1016 921 ἀνω
1045 854 1108 946 ίχει
1139 850 1250 939 [αὕτη]
1280 858 1317 919 ἐν

277 975 349 1038 ταῖς
388 959 543 1051 ἀγκάλαις
580 961 633 1026 καί
664 960 775 1047 τρέφει
814 957 1031 1046 ἀνθρωπικῶς
1064 962 1224 1051 ἐπέχουσα
1256 955 1318 1024 τὸν

276 1079 461 1156 γυναικεῖον
483 1063 625 1153 μαστὸν,
656 1064 695 1132 τά
719 1063 750 1131 δ’
776 1072 886 1152 ἕτερον
908 1071 942 1132 ἐκ
964 1072 1024 1151 τῆς
1053 1071 1160 1132 ἵππον
1180 1062 1318 1151 θηλάζει

277 1178 310 1247 ἐς
330 1170 389 1239 τὸν
411 1168 552 1238 πωλικὸν
574 1168 712 1256 τράπον.
762 1168 829 1236 ἀνω
860 1171 896 1237 δὲ
923 1178 983 1255 τῆς
1007 1167 1131 1248 εέκάνος
1153 1170 1226 1240 οίον
1248 1169 1316 1237 ἀπο

222 1302 228 1315 ·
277 1302 366 1353 τινος
389 1285 514 1362 σκοπῆς
530 1271 806 1361 Ἱπποκένταυρός
833 1300 898 1354 τις,
931 1273 1016 1362 ἀνῆρ
1039 1277 1162 1362 ἐκείνης
1190 1272 1316 1363 δηλαδὴ

277 1387 337 1466 τῆς
368 1381 409 1448 τοὶ
442 1383 545 1469 βρέφη
578 1379 817 1467 ἀμφοτέρωθεν
848 1381 1114 1468 τιθηνουμένης,
1149 1380 1317 1449 ἐπικύπτει

277 1487 378 1576 γελῶν
400 1485 458 1576 οὐχ
486 1488 561 1561 άλος
590 1482 809 1573 φαινόμενος,
841 1483 904 1551 ἀλλ’
931 1490 963 1559 ἐς
989 1485 1093 1572 μέσον
1115 1483 1173 1552 τάν
1197 1492 1314 1565 ἴππον,

278 1592 410 1666 λέοντος
451 1589 599 1675 στάμνον
632 1589 754 1679 ἀνέχων
785 1586 827 1676 τῆ
861 1588 945 1676 δεξιᾷ
983 1590 1037 1656 ιιαί
1075 1588 1160 1676 ὑπὲρ
1198 1587 1317 1657 ἑαυτὸν

279 1700 416 1782 αέωροίν,
442 1694 485 1770 ὡς
507 1694 664 1771 δεδίξαιτο
689 1692 750 1762 σδν
771 1693 888 1780 παιδιᾷ
909 1691 950 1759 τά
971 1695 1088 1781 βρέφη.
1124 1697 1156 1763 5.
1189 1692 1230 1761 τά
1251 1698 1317 1780 μὲν

279 1796 338 1866 οὗν
362 1799 441 1865 ἀλλα
463 1808 523 1883 τῆς
543 1807 682 1888 γραφῆς,
709 1801 771 1866 ὅσα
793 1812 862 1874 τοῖς
884 1797 1026 1874 ἐδιώταις
1047 1797 1132 1885 ἡμῖν
1143 1798 1185 1865 οά
1205 1798 1315 1884 πάντη

279 1910 410 1991 ἐμφανῆ
434 1903 516 1971 ὄντα
542 1901 605 1990 τῆν
627 1905 706 1989 ὅλην
729 1906 819 1990 ὅμως
849 1902 910 1992 ἔχει
937 1902 1082 1990 δύναμιν
1103 1912 1162 1989 τῆς
1190 1906 1312 1994 τέχνης,

279 2006 352 2077 οἷον
378 2007 417 2075 τά
446 2008 618 2076 ἀποτεῖναι
646 2006 706 2084 τάς
733 2004 892 2098 γραμμάς
920 2012 953 2084 ἐς
981 2005 1019 2075 τδ
1050 2007 1236 2075 εάάάιατον
1262 2010 1316 2075 καί

277 2120 343 2181 τῶν
363 2111 541 2203 χρωμάτων
564 2113 680 2200 ἀτριβῆ
701 2111 765 2199 τῆν
786 2120 899 2200 κρᾶσιν
921 2112 975 2179 καί
997 2111 1148 2200 εὔκαιρον
1163 2111 1227 2200 τῆν
1244 2118 1315 2180 ἐπι-

276 2215 380 2307 βολῆν
401 2215 612 2306 ποιῆοασδαι
642 2219 697 2284 καί
728 2218 858 2285 σκιάσαι
880 2222 913 2294 ἐς
935 2217 1022 2297 δίον,
1054 2219 1108 2284 καί
1136 2226 1195 2285 τοῦ
1218 2219 1316 2308 μεγέ-

278 2332 364 2399 θοιις
396 2320 457 2391 τάν
488 2320 587 2412 λάγον
618 2323 671 2388 καί
711 2320 772 2408 τήν
805 2330 871 2389 τών
902 2330 1012 2409 μερῶν
1045 2321 1129 2409 πρὸς
1167 2322 1206 2389 τὰ
1239 2324 1316 2389 ὅλον

209 2434 260 2486 ⁸⁴³
279 2425 415 2514 ἐσάτητα
443 2428 496 2495 καί
525 2425 691 2514 ἁρμονίαν
720 2428 871 2516 γραφέων
897 2426 1013 2502 παῖδας
1035 2430 1055 2469 ⁴*
1078 2424 1312 2505 ἐπαινούντων,

279 2529 328 2606 οίς
360 2531 457 2622 ἔργον
489 2531 609 2598 εἰδέναι
641 2529 682 2597 τά
715 2538 865 2599 τοιαῦτα·
912 2529 972 2621 ἐγο)
1003 2530 1039 2598 δὲ
1070 2538 1129 2599 τοῦ
1159 2527 1315 2608 Ζεάξιδος

278 2641 378 2702 ἐκεῖνο
400 2635 544 2723 μάλιστα
567 2633 714 2725 ἐπῄνεσα
720 2687 732 2718 ,
766 2636 817 2703 ὅτι
838 2640 875 2703 ἐν
894 2643 957 2723 μιᾷ
978 2635 1033 2702 καί
1059 2643 1101 2725 τῇ
1123 2635 1207 2725 αὐτῇ
1228 2634 1315 2703 ὑπο-

277 2740 371 2807 δέσει
396 2739 547 2816 ποικίλως
575 2737 614 2807 τά
636 2737 790 2826 περιττὸν
812 2738 996 2817 ἐπεδείξατο
1018 2746 1078 2825 τῆς
1099 2740 1227 2830 τέχνης,
1256 2735 1314 2809 τάν

269 2848 342 2929 μὲν
364 2842 469 2932 ἄνδρα
491 2841 635 2930 ποιῆοας
662 2841 773 2928 πάντη
796 2841 941 2931 φοβεράν
961 2845 1015 2910 καί
1043 2843 1164 2932 κομιδῆ
1188 2841 1311 2932 άγριον,

278 2944 421 3035 οοβαρδν
443 2954 485 3036 τῆ
506 2948 611 3038 χαίτη,
635 2945 751 3016 λάσιον
771 2946 812 3015 τά
834 2945 939 3016 πολλοὶ
962 2946 1000 3013 οὐ
1022 2945 1106 3015 κατὰ
1127 2944 1188 3015 τάν
1209 2952 1315 3013 ἵππον

278 3048 380 3116 αὐτοῦ
409 3047 532 3137 μόνον,
565 3047 644 3117 ἀλλά
672 3051 727 3118 καί
755 3048 838 3118 κατὰ
869 3048 1012 3136 θάτερον
1034 3058 1096 3119 τοῦ
1118 3048 1311 3139 ἀνδράπον,

349 3265 372 3315 5.
409 3258 461 3314 ὅσα
480 3265 596 3316 solanus
615 3270 643 3315 ot
660 3265 776 3320 Bekker.
799 3266 859 3316 libri
883 3258 926 3331 ἐφ’
946 3259 1007 3316 ὅσα.
1087 3261 1139 3330 τῆν
1156 3258 1224 3329 ’σ’λην
1241 3258 1315 3329 ἀ’ματ

278 3345 342 3414 ἔχει]
366 3345 418 3416 τὴν
440 3344 508 3415 ίίλην
531 3347 587 3416 ἔχει
610 3345 684 3418 ὅμως
703 3352 737 3404 Φ.
816 3348 916 3418 κράοιν
938 3369 987 3418 pro
1010 3347 1111 3419 κράσιν
1132 3352 1314 3404 Lehmannun.

346 3432 561 3506 μιροίνΤῑΠῙΦ.
587 3438 718 3505 μέρωνδ.
746 3439 926 3505 μέτρωνοοσ.
998 3432 1143 3504 δτι-τῆς
1158 3431 1315 3504 τέχνητΙίίτι

276 3518 309 3574 τά
327 3518 456 3575 ποικίλον
472 3519 522 3589 τῆς
538 3523 632 3591 τέχνητ
655 3521 685 3577 ἐν
702 3543 754 3592 μια
772 3522 909 3577 ὑποδέσει
927 3519 1090 3586 ἐπεδείξατο
1109 3526 1187 3577 nodi.
1264 3520 1315 3575 τὸν

276 3608 328 3678 μὲν
346 3642 377 3651 -
397 3605 505 3679 λάσιον]
527 3609 616 3664 ἰ’ππον
638 3610 769 3682 σοβαράν
795 3608 894 3682 ίίγριον
919 3606 1022 3680 κομιδὴ
1050 3607 1148 3663 λαοιον
1176 3609 1211 3678 τῆ
1232 3612 1311 3676 χαίτη

276 3700 354 3752 ΒοιΙΙ.
375 3703 421 3768 qui
441 3696 567 3769 φοβερὸν
585 3704 692 3767 omittit,
710 3703 765 3754 αΙία
782 3704 941 3767 transponit.
1017 3696 1053 3752 τά
1069 3693 1170 3768 πολλά]
1187 3692 1314 3750 ταπολλίι

278 3787 312 3839 Φ.
384 3784 480 3854 αὐτοῦ]
500 3783 574 3840 αδτῶ
593 3789 630 3841 Π.
702 3783 910 3854 ἀλλάττηταί
929 3790 1018 3841 omo.
1089 3782 1160 3837 κατά
1177 3781 1313 3852 θάτερον]

276 3879 315 3927 ita
333 3877 448 3943 conjeci.
486 3877 548 3929 libri
566 3877 697 3930 Ιιαείααεί
716 3880 798 3929 etiam
812 3876 851 3926 Φε
869 3870 938 3926 καθ’
959 3870 1064 3940 ἕτερον.
1095 3891 1138 3926 om
1156 3872 1313 3926 λιαοοΒοᾶΙ.

345 3967 393 4013 καὶ
410 3957 513 4028 ἐξάρας
530 3958 604 4027 αάτῷ
623 3959 664 4030 [τά
685 3964 799 4033 οτέρνον
815 3959 873 4030 καὶ]
890 3958 956 4017 τοδε
974 3955 1235 4030 α’ίμοοεῙίῑαοΒοδλ.
1264 3959 1313 4010 du-

277 4048 394 4100 bitanter
415 4048 547 4115 supplevi.
582 4054 629 4101 καὶ
653 4044 755 4120 ίξάρας
779 4045 864 4103 αάτοῦ
887 4043 974 4114 (αάτῆ
998 4048 1105 4111 TUVY)
1132 4043 1197 4101 τοία
1222 4038 1314 4112 ἀίμαοτ

278 4134 376 4186 TUVY
399 4142 426 4186 et
446 4152 472 4187 ν.
508 4138 556 4186 καὶ
583 4131 675 4204 ι’ίμοος
701 4138 827 4202 (caeteris
849 4136 966 4199 οιαίιείι)
992 4136 1026 4187 Φ.
1069 4134 1183 4202 οτέρνον
1208 4149 1239 4185 τι
1266 4135 1314 4183 καλ

278 4214 454 4287 ὤμονεΒοδΙ.
476 4220 532 4289 (qui
549 4223 618 4277 haec
637 4223 789 4285 contraxitl.
858 4219 891 4274 τὸ
909 4214 1315 4290 βλέμμα-ἀνῆμιρον]άμμα

276 4301 419 4375 θηριωδέτ
435 4312 483 4360 καὶ
501 4302 686 4379 ἀγριονΒοιὶΙ.
757 4305 832 4363 ὅλον.
860 4303 1038 4380 ὅριιίντιΦ.
1066 4302 1141 4369 άλον,
1160 4310 1208 4359 καλ
1218 4300 1315 4374 ὄρειόν

278 4388 369 4463 (ἀριάν
384 4394 426 4462 11)
442 4412 472 4448 τι
488 4396 522 4449 Π
536 4405 564 4452 et
579 4414 606 4451 v.
