3086 5154
705 478 861 531 mm.
1251 451 1299 522 85

262 646 429 734 πρόδηλος
452 648 530 717 οὐδὲ
548 656 631 716 πᾶσι
651 646 814 736 γνώριμος
835 647 856 733 ί]
878 647 978 737 θῦρα.
1004 649 1092 736 πλήν
1114 650 1176 718 ἀλλ’
1203 650 1301 718 οὐδὲν

263 750 372 837 δεήσει
392 750 537 838 βαδίζειν
559 754 614 819 ἐπί
635 750 698 837 τήν
721 752 845 820 σιίιίαν·
874 758 1022 820 ἐνταῦθα
1043 754 1105 845 γὰρ
1128 761 1164 822 ἐν
1186 757 1300 841 Κερα-

262 862 361 944 μεικῷ
394 856 634 945 ὑπομενοῦμεν
673 854 788 941 αὐτήν.
835 855 856 942 v}
887 856 923 923 δὲ
954 857 1020 943 ήδη
1054 884 1123 926 που
1157 858 1301 944 ἀφίξεται
1330 904 1334 909 ·

263 965 444 1029 ἐπανιοῦσα
478 966 509 1038 ἐξ
537 960 760 1047 Ἀκαδημίας,
797 959 839 1036 ὡς
865 961 1097 1047 περιπατήσειε
1125 964 1178 1029 καί
1202 968 1237 1029 ἐν
1258 970 1299 1052 τῇ

262 1063 419 1153 Ποικίλη·
443 1072 542 1133 τοῦτο
565 1063 626 1156 γὰρ
645 1064 807 1151 ὁσημέραι
823 1078 929 1132 ποιεῖν
948 1064 1029 1142 ἔθος
1046 1065 1149 1153 αὐτῇ·
1174 1068 1300 1153 μᾶλλον

263 1172 280 1212 *
304 1168 340 1235 δὲ
360 1168 426 1255 ήδη
450 1172 670 1260 προσέρχεται.
697 1168 776 1255 ὁρᾷς
796 1165 858 1254 τήν
881 1166 1029 1256 ικόσμιον
1051 1167 1118 1236 ἀπὸ
1140 1178 1198 1236 τοῦ
1224 1169 1300 1260 σχή-
1319 1185 1369 1238 582

262 1298 380 1359 ματος,
404 1271 467 1359 τήν
484 1283 636 1362 προσηνῆ
655 1272 694 1341 τὸ
712 1275 857 1360 βλέμμα,
881 1271 945 1358 τήν
963 1274 1017 1340 ἐπί
1037 1274 1172 1361 συννοίᾳ
1190 1273 1300 1359 ἠρέμα

261 1377 483 1463 βαδίζονσανς
537 1379 685 1447 ΛΟΥΚ.
732 1376 855 1453 πολλαὶς
888 1381 906 1420 *
940 1376 1060 1464 ὁμοίας
1095 1378 1159 1465 ὁρῶ
1192 1376 1230 1446 τό
1265 1406 1301 1447 τε
1319 1393 1369 1445 583

264 1490 374 1570 σχῆμα
396 1484 450 1549 ιιαί
478 1481 517 1550 τὸ
546 1481 697 1569 βάδισμα
719 1484 772 1549 καί
793 1481 854 1568 τήν
877 1480 1057 1569 ἀναβολήν.
1105 1484 1211 1550 καίτοι
1236 1483 1300 1570 μία

262 1583 393 1662 μάντιος
432 1589 456 1672 η’
490 1613 527 1677 γε
561 1590 579 1629 *
612 1584 741 1672 ἀληθής
775 1587 948 1674 φιλοσοφία
981 1587 1069 1654 ἐστίν
1101 1593 1137 1654 ἐν
1170 1587 1295 1664 αὐταῖς.
1318 1602 1370 1655 584

262 1690 373 1767 ΠΛΑ
380 1693 418 1757 Τ.
446 1686 617 1780 εὖλίγεις·
644 1690 721 1757 ἀλλὰ
736 1688 870 1777 δηλώσει
891 1693 962 1777 ήτις
984 1693 1061 1771 ἐστί,
1087 1695 1298 1782 φθεγξαμένη

261 1792 381 1881 μόνον.
435 1797 482 1859 ii.
520 1796 809 1864 ΦΙΛΟΣΟΦΙΑ.
846 1809 975 1877 παπαῖ,
1010 1796 1043 1862 τί
1072 1795 1215 1865 Πλάτων
1247 1798 1300 1864 καί

264 1969 399 2039 σχήματος
422 1973 591 2041 interrogat).
634 1975 682 2026 sed
703 1970 756 2038 τήν
781 1974 894 2026 alterum
918 1981 992 2026 recto
1017 1975 1175 2027 deleverunt
1199 1979 1231 2029 T.
1256 1979 1299 2028 Fr.

262 2063 427 2114 Benedictus
447 2068 473 2112 et
491 2064 537 2127 qui
554 2064 589 2113 D.
600 2063 678 2116 Mort.
699 2063 731 2124 X,
750 2063 767 2114 8
786 2070 848 2128 spto
867 2064 989 2126 contulit,
1008 2063 1034 2113 λ.
1046 2063 1299 2115 Sommorbrodtius.

263 2166 313 2215 ogo
332 2151 359 2200 in
380 2150 503 2211 Quasstt.
523 2165 548 2214 p.
570 2148 620 2201 139
639 2165 720 2215 quum
738 2146 791 2213 τήν
807 2152 952 2216 permirum
978 2167 1038 2201 esso
1058 2155 1085 2200 st
1103 2151 1201 2216 corrigi
1221 2152 1299 2203 inoile

261 2252 341 2302 posse
358 2236 492 2299 dixissem,
511 2241 601 2287 tomen
616 2252 677 2287 oum
691 2237 919 2302 vuigots'oontuii
934 2238 980 2287 Bis
995 2239 1121 2287 Aoonsot.
1133 2236 1148 2299 5
1158 2238 1206 2290 28:
1218 2232 1301 2292 αὐτὸς

262 2315 292 2372 δὲ
310 2318 361 2373 τὸν
377 2316 521 2390 γενειήτην
544 2317 651 2373 εἰιεῖνον
674 2318 725 2372 τὸν
743 2317 798 2372 ἀπὸ
817 2321 866 2373 τοῦ
886 2317 1031 2388 σχήματος,
1060 2318 1110 2372 τὸν
1128 2320 1189 2383 (τὸν
1206 2341 1248 2375 om
1265 2327 1299 2387 A)

261 2403 408 2478 Διοίλογον,
433 2403 606 2476 Φιλοσοφίας
623 2402 684 2459 viis
708 2404 782 2459 είναι
800 2405 949 2479 λεγόμενον
967 2404 1183 2477 ὑπεραγαπήσας
1194 2439 1233 2459 -·
1272 2418 1301 2463 st

262 2499 289 2548 iu
307 2498 354 2548 Bis
372 2499 469 2549 Aecus.
490 2498 574 2548 verbs
597 2498 649 2547 hoo
674 2499 765 2563 potius
790 2499 883 2549 ordios
908 2499 1035 2564 ponendo
1058 2497 1195 2549 videntur:
1223 2514 1250 2547 α.
1272 2491 1297 2546 δ.

261 2579 311 2633 τὸν
328 2578 472 2650 γενειήτην
490 2579 610 2644 ἐκεῖνον,
630 2579 680 2634 τὸν
696 2577 844 2652 Διάλογον,
873 2579 929 2635 ἀπὸ
952 2580 1003 2634 τοῦ
1023 2578 1160 2649 σχήματος
1179 2576 1299 2634 Φιλοσο-

263 2670 328 2736 φίας
345 2663 406 2721 νίὸν
424 2666 495 2722 εἶναι
512 2664 662 2739 λεγόμενον
678 2665 793 2738 ὖπεραγ.
830 2673 892 2723 vido
911 2674 995 2722 nostri
1014 2672 1127 2723 Conviv.
1146 2670 1162 2734 ᾖ
1180 2671 1227 2723 35ι
1255 2665 1301 2727 οίίς

261 2774 291 2823 γε
310 2752 474 2822 ἐθαύμαζον
493 2751 621 2823 οἰόμενοί
635 2775 712 2812 τινας
730 2752 802 2808 εἶναι
820 2752 875 2808 ἀπὸ
894 2755 951 2808 τῶν
969 2752 1122 2823 σχημάτων.
1151 2758 1299 2826 liberisps·

262 2846 303 2895 ois
323 2851 350 2896 st
367 2846 460 2897 habitu
478 2847 579 2897 similes
604 2863 663 2898 esso
687 2846 843 2912 parentibus
862 2846 959 2897 solsnt.
992 2846 1049 2911 jam
1068 2845 1219 2912 philosophi
1239 2847 1298 2898 bor-

262 2933 318 2983 bnti
336 2932 477 2983 barbatum
497 2934 642 2999 dialogum,
663 2935 709 3000 qni
728 2933 866 2984 sPlatons
883 2933 996 2999 aliisqns
1015 2935 1201 2999 frequentatus
1219 2941 1300 2997 esset,

261 3018 313 3069 λεια
331 3020 422 3084 specis
441 3020 516 3071 ducti
534 3021 721 3086 philosophiae
747 3021 797 3071 soli
817 3021 988 3071 vindicarunt
1014 3021 1091 3085 qussi
1109 3019 1230 3071 subolem
1250 3038 1300 3086 po·
1333 3084 1337 3090 Ι

262 3107 331 3156 ronti
350 3104 422 3167 (vide
440 3106 592 3174 Diogenem
611 3108 642 3158 L.
662 3109 710 3170 ΙΙΙ,
728 3107 762 3159 ⁴7
778 3124 817 3173 sq.
836 3107 927 3173 ibique
943 3100 1118 3174 Monsginm).
1147 3095 1300 3173 quanquam

263 3193 386 3259 dialogus
405 3195 544 3259 siiqnsnto
563 3200 626 3245 anto
641 3193 698 3260 joni
718 3194 875 3245 comoedias
896 3199 923 3243 et
941 3192 1097 3257 tragoedias
1116 3196 1225 3258 proprio
1242 3196 1299 3245 sus-

262 3287 302 3331 rst
325 3286 452 3346 tanquam
476 3281 575 3346 proles.
613 3287 731 3332 osterum
756 3283 783 3331 in
801 3282 848 3331 Bis
866 3282 964 3330 Aecus.
983 3279 1000 3328 i.
1019 3279 1037 3328 1.
1057 3278 1301 3331 Sommerbrodtius

263 3366 416 3417 dubitanter
428 3367 607 3433 conjiciebat:
627 3362 711 3418 αὐτὸν
730 3360 755 3418 δ,
773 3384 798 3418 τ.
818 3384 842 3434 γ.
864 3361 970 3416 ἐκεῖνον
985 3362 1036 3416 τὸν
1054 3360 1109 3416 ἀπὸ
1127 3362 1178 3415 τοῦ
1198 3362 1300 3433 σχήμα-

261 3469 308 3507 τος
319 3447 491 3519 Φιλοσοφίας
508 3448 570 3504 νίὸν
589 3449 661 3504 είναι
678 3448 836 3522 λεγόμενον,
856 3449 906 3504 τὸν
920 3447 1058 3522 Διάλογον
1075 3449 1299 3521 ὑπεραγαπήσας,

262 3540 374 3605 quodut
390 3543 417 3590 in
434 3543 588 3592 universnm
602 3542 709 3592 isudsm
728 3548 855 3605 moretur,
874 3544 912 3592 ita
930 3542 963 3592 sb
975 3541 1125 3592 Gorlioensi
1139 3540 1213 3604 josto
1224 3543 1302 3592 obsst

262 3627 368 3693 longius
387 3623 458 3693 [vids
478 3644 559 3693 supin
577 3643 604 3692 p.
625 3627 658 3680 35
677 3625 738 3694 sq.].
819 3623 865 3678 ἐπί
884 3624 1003 3692 συννοίᾳ]
1029 3621 1076 3676 tut
1094 3626 1221 3677 σνννοίαν
1240 3626 1299 3690 (sio)

263 3715 297 3764 Φ.
368 3715 444 3765 nulio
461 3731 578 3779 persono
597 3720 659 3766 onte
676 3707 780 3768 πολλὰς
797 3716 825 3765 in
843 3717 875 3765 A.
950 3709 983 3764 τό
1007 3730 1037 3764 τε
1057 3710 1156 3779 σχῆμα]
1183 3717 1222 3765 its
1239 3732 1299 3765 eor·

261 3803 318 3852 roni
336 3803 364 3851 in
382 3803 505 3863 Quaestt.
524 3818 550 3867 p.
571 3802 630 3857 123.
666 3796 698 3850 τό
716 3817 746 3868 γε
766 3796 855 3865 οχήμα
875 3799 901 3849 Φ
919 3807 946 3851 ot
963 3817 987 3849 v.
1021 3796 1054 3850 τὸ
1075 3796 1164 3864 σχῆμα
1183 3802 1238 3851 ΑΒ.
1266 3803 1299 3852 ds

266 3888 295 3938 Ψ
307 3905 399 3953 porum
419 3895 534 3940 constat.
606 3883 716 3941 πάντας
735 3886 911 3949 (ntiSolanus
931 3887 1097 3951 conjecerat)
1113 3889 1193 3939 ΦΜο.
1229 3882 1299 3938 ποίν-

260 3990 317 4024 τοιν
334 3976 411 4026 AB?
427 3981 454 4026 oi
472 3971 591 4041 (praeter
609 3974 636 4036 a)
656 3976 715 4027 edd.
732 3980 797 4025 vett.
817 3991 877 4025 eom
896 3975 994 4025 nostris
1012 3973 1064 4039 μία
1080 3969 1190 4030 πάντας
1208 3979 1300 4027 confsi

262 4063 420 4113 Hermotim.
441 4061 487 4113 14:
514 4059 547 4112 τὸ
568 4054 599 4111 δέ
615 4078 646 4130 γε
667 4056 770 4128 ἀληθὲς
787 4056 868 4127 οίμαι
890 4056 1001 4115 πάντας
1022 4078 1078 4111 που
1098 4057 1128 4113 ἓν
1144 4050 1180 4127 ἧν
1198 4058 1297 4113 αὐτῶν.

332 4143 405 4198 ἐστίν
423 4134 453 4198 ἓν
470 4150 574 4201 ΑΒΟΨ.
611 4152 658 4198 καί
676 4144 706 4199 ἓν
724 4151 751 4198 Φ
769 4156 796 4201 st
814 4167 839 4200 v.
911 4143 1014 4214 αὐτοῖς]
1034 4143 1147 4203 ταύταις
1164 4152 1198 4201 Β,

333 4235 373 4288 ii.
410 4239 493 4288 Aom
511 4253 654 4303 personam
674 4243 736 4288 ants
755 4236 862 4294 παπαί,
888 4253 936 4302 pro
956 4253 1009 4302 qno
1027 4236 1299 4289 παπαῖδεεοίιίίίιεε.

332 4318 362 4373 οί
379 4317 457 4374 ἄλλοι
477 4317 580 4377 πάντες
597 4323 704 4375 ΑΒΟΨ.
743 4317 773 4373 σί
793 4318 888 4373 λοιποί
914 4317 1032 4377 ίίπαντες
1057 4323 1083 4372 Φ
1101 4329 1171 4375 etv.
1243 4309 1299 4385 ἆρά

253 4414 288 4460 τι
305 4410 511 4463 Asscnnnnv.
549 4398 606 4477 αἰρίι
623 4425 665 4464 τις
681 4427 706 4460 ν.
743 4411 843 4461 videsis
861 4412 1044 4476 mssmEpist.
1058 4408 1298 4475 er.p.xxxv111.
