3046 5166
269 332 347 389 XXX
646 338 916 398 Pnonuoonnun

268 488 322 571 qui
343 488 377 554 in
398 488 631 577 AcadPostl,
654 494 676 557 3
697 496 766 573 §92
789 495 1043 583 philosophiam,
1064 497 1176 587 inquit,
1197 501 1305 568 multis

266 612 346 680 locis
366 612 531 698 incohasti,
553 612 596 681 ad
617 614 843 702 impellendum
865 618 962 704 satis‘,
984 618 1020 684 id
1041 627 1090 686 est
1110 621 1151 687 ab
1163 621 1305 690 Varrone

266 734 327 801 hoc
348 736 416 803 vult
437 742 542 802 actum
565 756 644 824 essa
672 744 707 803 ut
735 738 777 804 ad
806 739 1040 827 philosophiam
1061 742 1221 810 Romanos
1248 746 1304 810 im-

266 858 406 944 pelleret
456 859 506 924 De
535 878 598 943 qua
625 879 669 945 re,
698 867 733 926 ut
750 861 821 945 jam
841 862 918 929 alibi
946 862 1010 950 (De
1031 862 1145 951 Script.
1167 865 1235 935 Sat.
1256 867 1304 932 111

265 1000 297 1065 p.
321 980 355 1067 9)
382 978 501 1047 dictum
526 987 584 1066 cst,
616 1001 667 1047 me
696 981 797 1049 fatcor
824 982 1022 1051 addubitare.
1077 985 1190 1070 Neque
1219 987 1301 1053 enim

264 1100 365 1167 Varro
394 1102 553 1187 satiricus,
586 1103 614 1169 si
645 1101 689 1169 ad
720 1104 942 1192 philosophiae
974 1106 1110 1174 studium
1143 1109 1302 1175 Romanos

265 1223 396 1289 excitari
412 1223 521 1309 voluit,
543 1230 608 1291 tam
624 1223 684 1291 fuit
700 1225 836 1312 ineptus,
861 1233 895 1292 ut
911 1227 997 1293 idem
1011 1228 1194 1315 Menippum
1208 1230 1302 1296 unice

263 1342 446 1431 imitaretur,
468 1345 523 1430 qui
544 1344 684 1413 ridendis
706 1346 905 1435 philosophis
923 1349 965 1415 ah
983 1349 1186 1436 philosophia
1203 1351 1301 1416 homi·

262 1486 320 1532 nes
341 1466 504 1534 studuerat
524 1465 692 1533 deterrere.
736 1469 786 1534 Ita
806 1468 875 1535 ieri
896 1476 1010 1555 potest,
1039 1476 1074 1535 ut
1096 1471 1217 1557 Cicero,
1246 1472 1300 1555 qui

262 1588 333 1676 ipse
353 1589 420 1656 suis
441 1590 474 1654 in
494 1588 583 1655 libris
598 1607 675 1655 sane
691 1588 732 1654 ud
749 1588 984 1677 philosophiam
1000 1593 1160 1659 Romanos
1175 1593 1300 1658 incitari

233 1776 236 1781 r
262 1710 377 1795 voluit,
402 1702 507 1775 'suum
540 1711 633 1776 unius
665 1711 864 1797 propositum
899 1719 1017 1780 temere
1050 1712 1093 1779 ad
1125 1714 1299 1780 Varronem

262 1830 464 1898 transtulerit
508 1830 549 1896 Et
570 1838 676 1898 tamen
706 1832 752 1899 sic
774 1853 900 1917 quoque
927 1841 1043 1920 manet,
1072 1835 1136 1901 ulio
1166 1835 1298 1901 consilio

261 1960 384 2021 saturus
404 1953 510 2040 ipsum
524 1952 708 2041 Menippum
724 1954 899 2040 scripsisse,
915 1954 979 2022 alio
997 1975 1103 2023 rursus
1114 1956 1297 2041 Varronem,

261 2076 315 2161 qui
337 2082 423 2143 certe
444 2075 876 2162 abphilosophiaRomanos
893 2075 1138 2162 haudquaquam
1154 2079 1298 2144 voluerat

259 2198 397 2265 avocari.
426 2196 462 2262 ln
484 2197 670 2283 fragmentis
692 2197 777 2263 enim
798 2198 923 2266 tametsi
945 2198 1147 2285 philosophia
1168 2201 1297 2286 saepius

259 2318 508 2407 reprehenditur,
537 2318 648 2385 eadem
677 2324 783 2386 tamen
811 2321 907 2386 etiam
934 2321 1078 2407 impense
1106 2320 1296 2387 conlaudata

260 2449 308 2509 est
328 2440 469 2509 velutin
492 2440 607 2507 eximio
634 2441 706 2507 loco
731 2462 783 2527 ap.
806 2440 844 2508 h
867 2441 1005 2508 Gellium
1026 2442 1066 2507 N.
1089 2442 1127 2507 A.
1149 2442 1220 2526 XV,
1245 2444 1293 2508 19.

258 2563 368 2631 Omnis
390 2569 497 2630 autem
517 2581 569 2629 res
590 2580 685 2645 quam
706 2582 791 2629 nunc
809 2564 932 2649 agimm
948 2582 1044 2647 quum
1060 2563 1133 2630 aliis
1142 2563 1294 2630 Varronis

258 2685 382 2770 saturis,
404 2690 471 2750 tum
492 2683 549 2749 illa
569 2683 642 2770 ipsa
659 2683 748 2767 ‚aspi
765 2684 933 2768 αἱρέσεων
950 2685 1114 2751 commode
1134 2685 1294 2751 inlustrari

256 2805 381 2892 poterit
412 2806 496 2871 Nam
517 2804 685 2891 Menippus
707 2804 735 2870 si
756 2824 851 2890 quam
874 2805 985 2873 eodem
1006 2806 1133 2873 nomine
1154 2813 1292 2873 saturam

257 2926 409 3012 ediderat,
430 2946 559 3014 prorsus
580 2926 634 2991 ilic
655 2924 784 3010 quidem
800 2928 852 3013 (ut
871 2927 1292 3013 inHermotimoLuciauua)

256 3066 365 3114 omnes
386 3047 646 3134 philosophorum
668 3054 771 3114 sectus
793 3048 937 3115 voluerat
958 3048 1087 3116 derisas.
1131 3050 1174 3114 At
1191 3049 1291 3116 Varro

255 3167 345 3253 ,περὶ
368 3169 535 3265 uipipeaoa‘
556 3170 616 3236 etsi
637 3170 794 3256 permulta
815 3169 958 3237 fortassis
979 3171 1021 3237 ub
1038 3170 1188 3257 Menippo
1209 3190 1292 3236 uum·

255 3297 349 3375 serat,
371 3288 436 3356 aliu
449 3296 564 3376 tamem
586 3310 627 3357 ne
642 3291 736 3358 nimis
752 3291 988 3378 philosophiam
1008 3290 1172 3376 inluderet,
1194 3292 1291 3358 etiam

255 3432 273 3478 e
301 3408 560 3500 philosophorum
588 3412 677 3478 libris
705 3411 818 3478 eodem
849 3413 977 3480 nominc
1004 3413 1094 3497 ,περὶ
1124 3412 1290 3497 αἱρέσεων

253 3532 414 3621 inscriptis
441 3532 616 3602 adscivisse
637 3532 769 3599 videtur.
818 3533 902 3599 Nam
929 3533 1072 3619 superius
1100 3532 1179 3599 illud
1206 3532 1290 3618 hag-

253 3663 401 3743 mentum,
435 3655 520 3741 quod
545 3654 633 3742 apud
657 3654 795 3722 Nonium
825 3661 857 3721 et
884 3655 1081 3722 Priscianum
1111 3662 1222 3740 exstat,
1254 3655 1289 3719 in

252 3775 469 3845 describendis
501 3779 596 3845 sectis
625 3777 885 3864 philosophorum
913 3777 1006 3843 unice
1033 3782 1192 3861 versatur,
1224 3796 1288 3841 uon

251 3895 327 3964 item
349 3899 383 3965 in
402 3897 594 3966 deridendis.
638 3898 759 3978 Quodsi
784 3905 819 3964 ut
840 3898 1000 3966 Lucienus
1028 3899 1062 3965 iu
1082 3896 1287 3981 Hermotimo,

250 4016 297 4085 ita
317 4018 383 4086 suis
404 4019 438 4084 iu
459 4021 575 4087 saturis
595 4021 697 4087 Varro
719 4020 876 4107 soepticos
897 4018 1053 4087 interdum
1075 4025 1202 4088 secutus
1224 4024 1286 4085 est:

251 4146 336 4207 certo
357 4146 504 4227 sequetur
524 4140 638 4209 ducem
667 4141 827 4228 utriusque
848 4142 1032 4230 Menippum
1053 4162 1074 4208 a
1095 4139 1287 4227 Pyrrhoneis

251 4260 482 4345 quodammode
524 4280 712 4351 suspensum
747 4264 855 4333 fuisse
919 4263 1045 4331 Scimus
1086 4262 1287 4349 dogmaticae
