3050 5160
274 333 350 406 236
678 360 908 413 Λσετιειιοτ

274 539 426 621 προτοῦ,
451 528 587 599 ἐπειδάν
609 529 645 597 δὲ
668 528 839 619 οημηνηό
863 528 1060 621 σαλπιγκτὴς
1080 532 1135 597 καλ
1157 530 1215 619 ciii]
1227 555 1311 616 σομ-

273 638 452 704 πλέκισθαι
473 636 527 701 καλ
550 639 596 710 εές
617 648 723 724 χεῖρας
746 638 828 701 λέναι
849 635 902 701 ιιαλ
924 634 945 719 ἡ
970 641 1074 711 ἵππος
1093 634 1115 719 ἡ
1137 636 1311 701 τῶνπολε-

272 740 358 827 μίαν
386 737 548 829 ἐπελαάνη
575 740 630 805 καλ
658 736 700 806 τά
731 740 865 824 άρματα
897 743 929 804 ολ
950 736 1099 806 Γαλάται
1128 737 1312 814 ἀνοίξαντες

273 842 336 928 την
368 841 519 932 φάλαγγα
558 844 612 908 καὶ
654 841 890 927 διαστήσαντες
930 848 1095 930 ἐπαφῶσι,
1136 839 1211 909 τότε
1249 840 1311 907 ἀνά

273 948 429 1031 τέτταρας
456 951 520 1033 μὲν
542 953 609 1014 τῶν
631 945 814 1034 ἐλεφάντων
836 946 989 1014 ἀπαντᾶν
1012 946 1058 1033 ἐφ’
1083 944 1219 1032 ἐκάτερα
1245 959 1313 1020 τοῖς

275 1056 427 1130 ἱππεῦσι,
456 1047 536 1126 τοὺς
558 1049 639 1117 ἀκτιλ
663 1050 699 1117 ἀὲ
719 1049 955 1138 ἀντεπαφεῖναι
977 1064 1046 1127 τοῖς
1069 1048 1313 1136 ἁρματηλάταις

274 1155 328 1221 καλ
352 1168 603 1240 συνωριασταῖς·
640 1158 670 1220 ελ
688 1153 751 1243 γάρ
773 1163 872 1222 τοῦτο
894 1156 1033 1245 γένοιτο,
1058 1152 1313 1241 φοβηθήσονται

275 1260 395 1339 αὐτῶν,
432 1264 505 1347 ἐφη,
542 1264 574 1326 ολ
607 1265 706 1325 λ’πποι
746 1260 800 1325 καλ
833 1265 865 1335 ἐς
897 1258 975 1335 τούς
1007 1258 1161 1335 Γαλάτας
1194 1257 1313 1334 αὖτοάς

276 1370 499 1451 ἐμπεσοῦνται
521 1364 714 1453 φεύγοντες·
740 1365 793 1429 καλ
817 1366 919 1440 οὕτως
941 1366 1078 1453 ἐγένετο.
1114 1369 1164 1432 10.
1191 1365 1232 1431 οὐ
1251 1362 1312 1453 γάρ

274 1468 436 1556 πρότερον
460 1465 586 1543 ἰδόντες
615 1470 773 1555 ἐλέφαντα
796 1468 872 1535 οὔτε
895 1468 989 1536 αι’·τολ
1011 1466 1158 1536 Γαλάται
1186 1469 1261 1536 οὔτε
1283 1474 1313 1534 ολ

276 1581 374 1641 ἵπποι
415 1572 524 1640 αὐτῶν
567 1574 653 1638 οὕτω
694 1569 777 1659 πρὸς
816 1571 854 1640 τό
888 1572 1078 1660 παράδοξον
1109 1580 1169 1658 τῆς
1208 1572 1313 1661 ὄφεως

276 1675 520 1767 ἐταράχθησαν,
552 1679 633 1744 ὥστε
655 1675 767 1763 πόρρω
789 1677 837 1744 ἔτι
861 1685 928 1744 τῶν
948 1678 1075 1763 θηρίων
1099 1676 1214 1758 ὄντων,
1245 1678 1314 1744 ἐπεὶ

273 1779 382 1868 μόνον
421 1777 613 1869 τετριγότων
650 1779 797 1865 ἥκουσαν
835 1784 888 1847 καλ
927 1779 1004 1857 τούς
1046 1779 1185 1857 ὀδόντας
1226 1780 1314 1848 εἶδον

276 1883 535 1971 ἀποστίλβοντας
573 1883 816 1971 ἐπισημότερον
850 1883 892 1961 ὡς
934 1884 977 1952 ἀν
1010 1890 1042 1951 ἐκ
1074 1888 1216 1971 μέλανος
1254 1894 1315 1952 τοῦ

274 1985 401 2063 παντός
430 1986 584 2074 σώματος
613 1992 666 2054 καὶ
694 1987 754 2064 τάς
783 1991 994 2075 προνομαίας
1024 1988 1065 2063 ὡς
1094 1994 1127 2064 ἐς
1160 1986 1314 2077 άρπαγην

274 2093 603 2179 ὑπεραιωρουμένας,
650 2094 729 2179 πρὶν
773 2094 795 2179 ἢ
839 2091 877 2159 τό
918 2092 1064 2180 τόξευμα
1108 2098 1310 2172 ἐξικνεῖσθαι,

207 2217 258 2270 εει
275 2196 474 2286 ἐγκλίναντες
496 2201 517 2237 ⁴*
541 2196 602 2264 οὐν
625 2197 735 2264 οὐδενὶ
764 2196 876 2285 κόσμῳ
899 2197 1047 2286 ῖφευγον,
1080 2201 1111 2263 οἱ
1137 2201 1200 2284 μέν
1222 2197 1313 2275 πεζοὶ

275 2297 542 2387 περιπειρόμενοι
576 2301 630 2367 ὑπ’
668 2301 812 2387 ἀλλήλων
843 2315 913 2376 τοῖς
946 2301 1109 2388 δορατίοις
1141 2302 1194 2367 καλ
1229 2324 1313 2386 συμ-

273 2401 482 2490 πατσόμενοι
515 2402 583 2471 άπό
616 2413 682 2472 τῶν
713 2408 856 2485 ἱππέων,
893 2404 935 2481 ὡς
965 2403 1067 2494 εἶχον,
1103 2402 1313 2491 ἐμπεσόντων

275 2508 322 2575 ἐπ’
355 2505 491 2586 αὐτοῦς,
523 2506 564 2574 τά
595 2510 729 2595 ἅρματα
760 2510 812 2589 δέ,
846 2509 1099 2595 ἀναστρέψαντα
1130 2510 1183 2575 καλ
1210 2516 1312 2576 ταῦτα

346 2701 388 2755 1⁰.
425 2695 572 2768 ε’λέφαντα]
601 2698 752 2771 ἐλέφαντας
778 2705 820 2766 Φ,
848 2707 928 2759 τιτλε.
964 2708 1065 2758 Pisoni.
1089 2704 1135 2757 32:
1164 2699 1242 2764 ξένος
1268 2708 1314 2754 καὶ

275 2783 374 2840 λλοντα
393 2779 463 2840 ι’άάν
479 2793 527 2840 καλ
544 2785 611 2841 ὄνον
627 2785 767 2847 πολλάκις.
837 2788 1006 2861 τετριγότων
1024 2792 1243 2844 εολιολίαεῖοειν.
1269 2808 1313 2842 τε·

275 2869 416 2942 τρυγότων
436 2874 471 2923 Φ.
508 2877 705 2929 deformitatem
725 2885 752 2929 et
769 2895 868 2929 novum
893 2881 1003 2932 odorem
1026 2881 1071 2931 hie
1095 2881 1221 2930 οιιιίεειιισ
1240 2879 1314 2930 addit

275 2961 374 3013 Florus
391 2962 464 3026 Epit.
482 2963 504 3021 Ι,
527 2962 573 3014 10:
598 2965 812 3030 ‚elephantorum
832 2982 891 3016 eum
911 2967 1096 3033 magnitudine
1114 2974 1170 3017 tum
1189 2966 1312 3017 deformi·

276 3053 332 3099 tate
353 3052 380 3099 et
397 3062 468 3099 novo
488 3048 571 3100 odore
589 3051 668 3101 simul
686 3068 719 3103 κο
737 3053 852 3104 stridore
872 3055 1035 3104 consternati
1054 3050 1178 3117 equi-fl
1248 3055 1314 3118 πρὶν

277 3129 297 3199 ἢ
312 3130 345 3184 τό
363 3127 497 3199 τόξευμα]
514 3131 547 3185 τό
574 3153 618 3186 om
643 3137 669 3185 Φ
705 3144 733 3189 et
751 3139 806 3200 (ubi
825 3139 860 3189 ελ.
880 3155 916 3191 m.
935 3156 1004 3190 corr.
1022 3134 1055 3188 τό
1076 3134 1191 3205 ζεῦγμα)
1201 3137 1239 3188 Π.
1269 3156 1312 3190 εο-

278 3222 338 3272 dem
357 3221 504 3271 eorundem
522 3223 664 3273 verborum
683 3227 802 3275 νιιίεικε
821 3232 863 3276 εει
877 3228 905 3276 in
915 3227 949 3276 D.
960 3227 1039 3277 Mori.
1050 3225 1120 3287 XIV,
1131 3227 1157 3281 2.
1228 3220 1313 3292 ἐγκλί-

276 3323 373 3361 ναντες
381 3306 496 3358 Bokker.
524 3308 585 3358 libri
595 3302 772 3364 ἐκκλίναντες.
801 3313 895 3362 eadem
906 3312 990 3363 verba
1004 3313 1118 3363 redeunt
1132 3314 1159 3362 in
1170 3312 1314 3376 Bacchei,

277 3396 323 3446 ubi
342 3410 405 3460 ρειε
423 3394 547 3444 codicum
565 3396 628 3446 item
649 3390 825 3451 ἐκκλίναντες.
861 3400 909 3450 εει]
928 3402 955 3450 in
973 3400 1049 3451 Verr.
1071 3400 1140 3449 Hisi.
1160 3400 1182 3461 1,
1203 3398 1235 3451 17
1253 3399 1314 3449 libri

278 3483 385 3548 optimi:
405 3475 509 3547 ἔφυγον
527 3475 703 3548 ἐγκλίναντες,
714 3485 851 3536 locutione
861 3487 1009 3536 notissima.
1078 3480 1314 3552 περιπειρόμενοι

277 3571 314 3621 Π.
387 3562 506 3635 ἔμπαλιν
522 3573 569 3619 καλ
585 3566 674 3620 ταῦτα
692 3570 728 3621 Π.
798 3567 1162 3638 τότοῦ“ομη’ρου].λλ.π’,
1183 3572 1242 3625 ³79.

278 3651 310 3708 οἰ
322 3653 406 3708 ἰ’πποι
424 3649 464 3721 δ’]
484 3649 511 3705 δ’
531 3675 574 3708 om
594 3658 628 3710 Φ.
702 3652 844 3726 ἐπιβάτας]
856 3654 1005 3725 ἐπιβάντας
1020 3660 1055 3710 Φ.
1127 3653 1314 3726 ἀποβαλόντες

278 3745 359 3813 Φελς.
397 3737 602 3812 ἀπσβαλλόντετ
625 3741 685 3807 (εἰσ)
709 3747 788 3797 abed.
827 3740 1033 3813 ἀποβάλλοντες
1050 3764 1076 3798 ιι.
1154 3740 1230 3811 κείν’]
1249 3741 1312 3796 κεῖν’

279 3833 313 3882 Φ.
349 3833 455 3883 initium
472 3848 568 3883 νειειιε
585 3833 623 3884 Ji.
642 3826 674 3891 λ’,
696 3832 754 3884 160.
827 3826 1014 3900 καταλάβοιεν
1030 3834 1093 3884 ΦΜ.
1129 3827 1315 3899 καταβάλοιεν

277 3918 310 3968 Π
326 3925 395 3970 etv.
466 3909 495 3966 δ’
516 3913 560 3982 ὡς]
581 3911 612 3969 δέ
630 3914 667 3974 ἀς
686 3919 721 3968 Φ.
792 3914 1036 3987 κατελαμβάνοντο
1056 3921 1082 3969 Φ
1100 3926 1127 3971 et
1136 3920 1219 3986 (apud
1230 3923 1313 3972 Bour-

278 4005 408 4057 deiotium
427 4002 615 4071 Belinumque)
635 4008 671 4058 M.
708 4001 911 4073 κατεβάλλοντο
930 4007 963 4057 Π
978 4014 1038 4059 etv.
1110 4003 1314 4074 άναρριπτοάν·

277 4106 322 4144 τες
346 4090 380 4140 Φ.
418 4088 702 4157 συναναρριπτοόντει
725 4095 816 4161 vulgo.
896 4091 922 4150 ἐς
943 4090 1014 4163 άψοτ
1030 4092 1097 4157 stuic
1116 4090 1312 4161 προνομαίαις]

276 4175 337 4233 ταῖς
352 4175 541 4244 πρανομαλαιι
558 4172 585 4233 ἐι
603 4173 672 4246 άψοτ
690 4181 725 4231 Φ.
795 4184 842 4231 καὶ
860 4181 934 4245 (τοῖο
959 4177 1191 4247 συναρπάζοντες)
1216 4200 1259 4235 om
1279 4181 1313 4243 Φ,

346 4261 418 4317 κατὰ
435 4258 545 4332 κράτει]
564 4261 737 4334 κατακράτοτ
756 4267 791 4319 Φ.
