3050 5160
676 478 773 529 aron.
1166 449 1243 522 215

207 642 325 726 αὑτᾶς,
367 643 488 732 ἑκάστη
528 645 663 723 ἀξιοῦσα
704 647 779 734 παρ’
821 646 924 735 αὐτῆς
961 648 1141 738 λαμβάνειν
1179 660 1246 720 κων

206 749 333 835 ἄρτων,
369 752 422 817 καλ
451 760 550 818 τοῦτο
581 752 732 843 εὐτυχίαν
761 760 880 840 ἑαυτῆς
907 753 929 839 ἡ
962 754 1118 823 δεδωκυῖα
1150 755 1241 845 ᾤετο.

205 855 259 919 καλ
281 852 351 941 μην
373 857 427 922 καὶ
458 861 490 922 ol
518 857 634 932 acidae
665 856 797 945 ὀπώρας
826 860 1029 947 προσέφερον
1059 860 1145 950 αὐτῷ
1177 885 1245 927 πα-

205 957 525 1046 τέραόνσμάζσννες.
558 964 611 1029 64.
638 962 780 1040 στάσεως
804 962 840 1030 δέ
860 988 943 1030 ποτε
961 963 1128 1051 Ἀθήνησι
1150 991 1245 1054 yero-

205 1064 309 1149 μένης
343 1066 497 1150 εἰσῆλθεν
527 1071 571 1143 εἰς
603 1065 667 1152 κην
696 1068 863 1154 ἐκκλησίαν
894 1069 948 1134 καὶ
985 1070 1099 1154 φανεὶς
1135 1066 1246 1155 μόνον

208 1175 337 1235 σιωπᾶν
359 1167 513 1255 ἐποίησεν
536 1168 676 1247 αὐτούς·
713 1171 730 1238 ὁ
756 1172 791 1240 ‹tl
814 1170 890 1239 ἰδὼν
912 1172 977 1257 ηἰλη
1000 1170 1246 1261 μιτεννωκόκας

208 1270 305 1338 οὐδὲν
328 1272 428 1340 εἰπὼν
449 1275 504 1341 καλ
526 1274 626 1351 αὐτὸς
648 1274 830 1366 ἀπηλλάγη.
879 1279 933 1345 65.
971 1278 1025 1343 ὅτι
1048 1276 1084 1344 δὲ
1106 1285 1246 1364 συνῆκεν

278 1469 320 1521 ol.
359 1475 456 1536 φανελι
472 1466 570 1538 μόνον]
589 1489 717 1539 compara
734 1473 909 1531 Plutarchum
926 1474 1137 1540 Philopoemene
1156 1491 1179 1525 c.
1197 1474 1244 1525 12:

205 1557 253 1604 κοιλ
278 1549 367 1621 μόνον
392 1551 532 1624 ὀφθέντος
559 1553 644 1614 εὐθὺς
670 1554 745 1628 ὀρθὴ
774 1563 821 1610 καὶ
851 1553 1020 1628 δραστήριος
1045 1547 1081 1626 ἤν
1107 1566 1135 1611 et
1161 1561 1244 1610 nostri

206 1641 387 1695 Alexandrum
406 1645 457 1696 cl
476 1652 503 1696 et
518 1663 541 1696 c.
554 1645 587 1698 ³0
606 1647 703 1714 quibus
723 1664 737 1697 c
756 1647 824 1700 locis
842 1649 887 1700 hic
905 1647 1032 1714 supplere
1050 1647 1129 1698 licet:
1149 1650 1245 1711 pavslc

205 1723 294 1794 μόνον
313 1728 421 1781 σιωπᾶν
439 1727 543 1798 [sinis]
563 1728 694 1799 ἐποίησιν
711 1762 754 1786 -.
790 1737 898 1787 namin
916 1734 1005 1785 vorbis
1023 1735 1113 1785 hisce:
1138 1726 1246 1786 εὐθὺς

207 1810 339 1880 ι’πσιήαιν
357 1813 481 1874 αὐτούς
499 1837 578 1887 quam
598 1838 650 1888 ego
670 1822 739 1874 addo
758 1815 951 1875 voculasttrlc
968 1821 1048 1873 facile
1066 1822 1154 1887 potuit
1172 1823 1243 1871 cxci·

207 1905 279 1956 dere.
352 1902 469 1972 σιωπᾶν]
489 1903 597 1972 σιωπὴν
615 1910 645 1959 li.
716 1901 771 1973 ἤδη
792 1926 834 1962 orn
853 1910 885 1961 A.

276 1990 318 2043 65.
348 1987 441 2044 oriali?
452 1995 484 2045 λ.
547 1988 782 2048 οὐκέθ’ΦΡοίσ.
845 1990 1014 2063 αὖτῷΙαιλτῶ
1024 1997 1055 2048 A.
1076 1989 1192 2045 ιἰἶιτῶΡ.

186 2164 188 2167 ·
207 2141 385 2215 έποιιιοιιρεῖν
401 2166 425 2203 a.
512 2143 631 2217 μέλλειν]
649 2145 743 2216 μέλειν
761 2145 786 2216 (λ
804 2168 885 2218 supra
903 2168 949 2203 sec
965 2152 999 2214 ro)
1012 2153 1043 2204 l.
1114 2146 1166 2201 τὸν
1183 2145 1243 2200 ι’νσ·

205 2230 307 2303 pulmon
325 2259 359 2270 -
376 2229 496 2303 μέλλειν]
521 2239 661 2290 Demouux
686 2238 861 2289 moribundus
884 2231 962 2306 λήγει
984 2255 1032 2305 pro
1058 2237 1141 2289 verbo
1168 2231 1247 2303 ἄρχει

207 2324 352 2374 substituit.
389 2323 470 2389 hujus
488 2326 593 2375 initium
612 2327 747 2390 carminis,
767 2342 819 2391 quo
834 2342 985 2392 praecones
999 2326 1122 2377 ludorum
1141 2325 1245 2389 gymni·
1323 2385 1324 2390 ¹

207 2428 299 2462 corum
317 2413 388 2462 iuter
405 2427 435 2462 ae
453 2414 599 2477 praeconio
619 2413 768 2474 certabant,
793 2414 873 2463 etiam
891 2412 1020 2464 Julianus
1037 2414 1065 2461 in
1084 2409 1246 2461 Caesaribus

206 2514 233 2563 p.
254 2496 305 2550 318
324 2514 363 2564 sq.
389 2498 431 2549 cd.
451 2498 596 2564 Spanhem.
634 2499 740 2563 adtulit,
759 2502 805 2565 qni
828 2504 901 2550 recte
925 2500 1021 2564 incipit
1032 2491 1126 2564 Ἄρχει
1143 2493 1195 2563 μέν
1212 2525 1245 2532 -

207 2590 317 2645 caetera
335 2586 429 2637 codem
448 2586 528 2636 modo
547 2601 634 2652 nsque
652 2585 687 2637 ad
704 2585 804 2651 μηκέτι
821 2579 939 2651 μέλλειν.
973 2592 1029 2636 tum
1048 2601 1062 2636 e
1081 2599 1245 2650 praeconum

207 2673 324 2723 carmine
342 2673 463 2723 iomassis
482 2674 561 2723 etiam
577 2675 697 2737 proxima
714 2673 798 2723 verba
817 2678 844 2724 et
862 2674 915 2724 duo
926 2672 1012 2723 ultimi
1025 2671 1098 2738 apud
1106 2672 1244 2723 Julianum

206 2775 300 2810 versun
318 2759 359 2809 hi:
377 2757 465 2823 Νίκην
483 2750 514 2808 δι’
531 2754 609 2813 τέλος
624 2757 629 2824 Ι
643 2759 713 2823 Ζηνὶ
730 2753 1043 2826 μιλήσειισρσιίιὶιιισί.
1069 2758 1117 2823 sed
1132 2760 1244 2825 quicun-

207 2861 259 2911 que
277 2862 371 2897 versus
388 2845 471 2896 medii
493 2846 535 2897 hie
559 2846 694 2912 interjecti
713 2853 788 2906 suut,
814 2863 861 2899 coe
886 2863 979 2900 omnee
1002 2861 1071 2897 nnus
1095 2845 1247 2910 composuit

168 2965 170 2968 -
206 2932 333 2984 Julianus
350 2932 446 2984 ludens
465 2932 650 2999 Caesareoque
674 2950 738 2984 suos
756 2933 892 2996 inridens,
916 2934 944 2984 id
969 2933 1041 2999 quod
1065 2933 1134 2998 fugit
1151 2933 1187 2982 M.
1208 2931 1243 2981 H.

207 3019 240 3069 E.
265 3019 395 3071 Maiarum
418 3019 457 3079 (in
480 3021 586 3071 Erschii
608 3021 721 3086 Encycl.
745 3020 777 3070 P.
797 3021 836 3072 Ill
860 3037 886 3087 p.
913 3019 985 3081 313),
1013 3020 1058 3085 qui
1085 3018 1246 3070 adversante

207 3106 319 3157 Polluce
337 3107 383 3171 lv,
402 3106 433 3158 tl
454 3107 671 3172 apraecouibus‚
688 3113 719 3157 ut
735 3107 849 3158 aliorum
868 3107 1016 3158 certamina
1033 3106 1194 3169 indicerent,
1212 3105 1246 3156 ab

208 3194 284 3243 initio
301 3193 371 3243 haec
388 3193 555 3259 proclamata
572 3195 665 3245 voluit.
701 3210 757 3244 rem
783 3196 867 3259 ipsam
891 3198 1034 3259 praeterea
1051 3192 1078 3244 J.
1097 3192 1247 3244 Palmerins

210 3280 238 3329 in
256 3280 387 3331 Exercitt.
407 3295 434 3345 p.
454 3278 505 3332 5⁷8
523 3297 575 3347 sq„
595 3285 627 3332 A.
647 3280 801 3332 lioeclrhiua
820 3279 1176 3345 inOecon.Athenn.11p.
1196 3277 1243 3330 tol

209 3371 237 3416 ct
255 3381 306 3432 ego
326 3366 360 3417 nd
378 3367 528 3419 Luciunnm
546 3368 606 3419 Vol.
625 3367 638 3418 I
655 3368 686 3418 P.
705 3369 731 3418 ll
750 3384 775 3433 p.
795 3367 828 3418 to
847 3369 1029 3418 tractavimus.
1067 3366 1191 3431 equidem
1209 3368 1247 3416 ita

208 3469 323 3512 censeo,
349 3453 382 3504 sb
401 3456 440 3505 eie
457 3455 581 3506 versibus
607 3457 652 3521 qui
670 3454 780 3506 Juliano
806 3459 834 3505 at
851 3455 972 3506 Luciano
996 3468 1152 3505 communen
1170 3459 1246 3503 sunt:

209 3533 288 3608 ἄρχει
304 3536 356 3605 μέν
372 3568 406 3577 -
424 3535 535 3606 μέλλειν
553 3558 646 3594 omnes
655 3557 805 3607 praecones
816 3557 926 3593 exorsos
946 3557 1015 3604 osse,
1035 3540 1163 3605 deinceps
1181 3554 1246 3591 vero

209 3628 290 3679 alium
308 3643 470 3693 praeconem
489 3628 559 3680 alios
576 3644 685 3691 versus,
708 3644 780 3679 nnnc
803 3628 894 3694 plures
919 3643 990 3677 nnnc
1008 3627 1152 3691 pauciores
1169 3626 1245 3676 addi-

209 3712 290 3765 disse.
326 3715 399 3780 quod
415 3731 470 3767 nou
488 3721 542 3767 lam
562 3731 576 3767 e
596 3715 699 3768 Gaiano
717 3715 765 3778 IX,
786 3714 833 3768 5⁰1
854 3714 896 3765 ed.
917 3713 1008 3764 Chart.
1028 3712 1083 3775 [ubi
1101 3727 1150 3776 pro
1168 3704 1245 3761 πλεῖ·

209 3817 275 3852 οταν
293 3798 398 3867 φωνεῖν
414 3803 502 3854 obiter
519 3803 619 3854 scribe:
639 3797 684 3852 έπλ
701 3795 833 3852 altiores
851 3797 965 3867 φωνεῖν)
981 3798 1153 3852 concluditur
1166 3813 1245 3863 quam

210 3905 227 3939 e
244 3888 355 3940 Polluce
372 3889 419 3948 lv,
440 3886 484 3941 tl:
504 3877 540 3955 ἦν
558 3883 701 3956 ἀγώνισμα
720 3883 787 3948 (τῶν
804 3881 943 3954 κηρύκων)
962 3878 1108 3953 σάλπιγγος
1124 3879 1246 3953 πρεσβύ-

208 3990 300 4040 τερον.
329 3966 367 4030 ειί
385 3967 416 4025 δέ
435 3968 597 4042 φιλοτιμίαν
612 3971 670 4027 τῶν
692 3968 732 4025 ἐπ’
753 3968 825 4039 αὐτῷ
838 3967 1040 4042 προελθόντων
1059 3966 1129 4022 αλιι
1147 3965 1246 4021 καλού-

208 4077 291 4128 μενοι
306 4055 392 4116 πόλει
410 4061 607 4129 cosmidum,
631 4057 770 4130 ἔλεγχον
791 4059 932 4126 inuncet
954 4053 1004 4115 εἰσ
1020 4055 1128 4127 μῆκοι
1144 4054 1246 4110 nusi·

209 4164 317 4215 paroc
334 4173 377 4201 -·.
413 4165 476 4202 nam
495 4151 674 4216 praeconibus
698 4165 815 4217 quoque,
842 4165 955 4218 quorum
980 4154 1039 4200 erat
1061 4149 1115 4205 hoc
1139 4163 1246 4199 carmen

209 4238 304 4302 spiritu
321 4237 450 4288 continno
468 4238 646 4303 proclamare,
664 4237 771 4302 longior
779 4238 840 4289 aliis
849 4238 958 4303 spiritus
969 4237 1021 4286 luit
1029 4235 1089 4286 aliie
1098 4236 1246 4300 angustior.

208 4322 270 4374 vide
289 4323 353 4373 mihi
370 4323 444 4396 uliud
463 4341 580 4387 carmen,
599 4323 672 4390 quod
690 4324 724 4374 ab
735 4324 888 4389 coryphaeo
908 4324 982 4374 chori
1000 4337 1054 4372 uno
1064 4323 1160 4386 spiritu
1178 4321 1246 4370 recl·

209 4409 320 4461 tandum
344 4414 410 4474 erat,
436 4411 575 4476 parabssis
603 4411 724 4462 comicae
748 4425 807 4461 eam
830 4414 948 4475 partem,
976 4406 1049 4474 quod
1070 4404 1166 4472 πνῒγοι
1188 4407 1246 4457 sire
