<?xml version="1.0" encoding="UTF-8"?>
<!DOCTYPE html PUBLIC "-//W3C//DTD XHTML 1.0 Transitional//EN"
    "http://www.w3.org/TR/xhtml1/DTD/xhtml1-transitional.dtd">
<html xmlns="http://www.w3.org/1999/xhtml" xml:lang="en" lang="en">
 <head>
  <title>
</title>
<meta http-equiv="Content-Type" content="text/html;charset=utf-8" />
  <meta name='ocr-system' content='tesseract 3.04.00' />
  <meta name='ocr-capabilities' content='ocr_page ocr_carea ocr_par ocr_line ocrx_word'/>
</head>
<body>
  <div class='ocr_page' id='page_1' title='image "./lucianussamosat00fritgoog_0703.png"; bbox 0 0 3046 5166; ppageno 0'>
   <div class='ocr_carea' id='block_1_1' title="bbox 630 331 1314 437">
    <p class='ocr_par' dir='ltr' id='par_1_1' title="bbox 630 331 1314 437">
     <span class='ocr_line' id='line_1_1' title="bbox 630 331 1314 437; baseline 0.006 -50"><span class='ocrx_word' id='word_1_1' title='bbox 630 332 681 387; x_wconf 89' lang='lat' dir='ltr'><strong>AD</strong></span> <span class='ocrx_word' id='word_1_2' title='bbox 706 331 905 389; x_wconf 76' lang='lat' dir='ltr'><strong>LUOIANUM.</strong></span> <span class='ocrx_word' id='word_1_3' title='bbox 1197 335 1314 437; x_wconf 33' lang='lat' dir='ltr'>XXIIIO</span> 
     </span>
    </p>
   </div>
   <div class='ocr_carea' id='block_1_2' title="bbox 166 484 1290 1788">
    <p class='ocr_par' dir='ltr' id='par_1_2' title="bbox 166 484 1290 1788">
     <span class='ocr_line' id='line_1_2' title="bbox 249 484 1290 575; baseline 0.002 -21"><span class='ocrx_word' id='word_1_4' title='bbox 249 484 494 573; x_wconf 71' lang='lat' dir='ltr'><strong>copporsicvc‘,</strong></span> <span class='ocrx_word' id='word_1_5' title='bbox 531 484 586 553; x_wconf 89' lang='lat' dir='ltr'><strong>sed</strong></span> <span class='ocrx_word' id='word_1_6' title='bbox 620 490 705 553; x_wconf 89' lang='lat' dir='ltr'><strong>totus</strong></span> <span class='ocrx_word' id='word_1_7' title='bbox 732 485 788 553; x_wconf 92' lang='lat' dir='ltr'><strong>ille</strong></span> <span class='ocrx_word' id='word_1_8' title='bbox 816 484 931 553; x_wconf 82' lang='lat' dir='ltr'><strong>Geloni</strong></span> <span class='ocrx_word' id='word_1_9' title='bbox 959 486 1048 555; x_wconf 86' lang='lat' dir='ltr'><strong>locus</strong></span> <span class='ocrx_word' id='word_1_10' title='bbox 1078 487 1290 575; x_wconf 81' lang='lat' dir='ltr'><strong>perlegendus</strong></span> 
     </span>
     <span class='ocr_line' id='line_1_3' title="bbox 249 606 1288 692; baseline -0.001 -16"><span class='ocrx_word' id='word_1_11' title='bbox 249 615 306 676; x_wconf 85' lang='lat' dir='ltr'><strong>cst</strong></span> <span class='ocrx_word' id='word_1_12' title='bbox 360 606 450 674; x_wconf 87' lang='lat' dir='ltr'><strong>Idem</strong></span> <span class='ocrx_word' id='word_1_13' title='bbox 482 607 670 674; x_wconf 79' lang='lat' dir='ltr'><strong>Galenus</strong></span> <span class='ocrx_word' id='word_1_14' title='bbox 661 627 695 673; x_wconf 90' lang='lat' dir='ltr'><strong>rn</strong></span> <span class='ocrx_word' id='word_1_15' title='bbox 728 607 920 673; x_wconf 89' lang='lat' dir='ltr'><strong>Favorinum</strong></span> <span class='ocrx_word' id='word_1_16' title='bbox 942 606 1168 675; x_wconf 76' lang='lat' dir='ltr'><strong>Academicum</strong></span> <span class='ocrx_word' id='word_1_17' title='bbox 1197 611 1288 692; x_wconf 86' lang='lat' dir='ltr'><strong>quasi</strong></span> 
     </span>
     <span class='ocr_line' id='line_1_4' title="bbox 247 727 1287 816; baseline -0.002 -19"><span class='ocrx_word' id='word_1_18' title='bbox 247 729 421 816; x_wconf 80' lang='lat' dir='ltr'>Pyrrhonis</span> <span class='ocrx_word' id='word_1_19' title='bbox 460 728 595 795; x_wconf 81' lang='lat' dir='ltr'><strong>similem</strong></span> <span class='ocrx_word' id='word_1_20' title='bbox 633 727 775 795; x_wconf 89' lang='lat' dir='ltr'><strong>libellum</strong></span> <span class='ocrx_word' id='word_1_21' title='bbox 814 728 943 814; x_wconf 77' lang='lat' dir='ltr'><strong>scripsit</strong></span> <span class='ocrx_word' id='word_1_22' title='bbox 976 729 1153 815; x_wconf 82' lang='lat' dir='ltr'><strong>egregium:</strong></span> <span class='ocrx_word' id='word_1_23' title='bbox 1198 730 1287 815; x_wconf 78' lang='grc' dir='ltr'><strong><em>,περὶ</em></strong></span> 
     </span>
     <span class='ocr_line' id='line_1_5' title="bbox 247 848 1286 947; baseline 0.003 -31"><span class='ocrx_word' id='word_1_24' title='bbox 247 849 380 938; x_wconf 79' lang='grc' dir='ltr'><strong><em>ἀρίστης</em></strong></span> <span class='ocrx_word' id='word_1_25' title='bbox 404 848 625 923; x_wconf 53' lang='grc' dir='ltr'><strong><em>διδασκαλίας(</em></strong></span> <span class='ocrx_word' id='word_1_26' title='bbox 647 850 774 936; x_wconf 72' lang='lat' dir='ltr'><strong>ipso</strong></span> <span class='ocrx_word' id='word_1_27' title='bbox 796 869 865 934; x_wconf 81' lang='lat' dir='ltr'><strong>sqq</strong></span> <span class='ocrx_word' id='word_1_28' title='bbox 889 849 993 918; x_wconf 80' lang='lat' dir='ltr'><strong>edK.</strong></span> <span class='ocrx_word' id='word_1_29' title='bbox 997 871 1123 937; x_wconf 82' lang='lat' dir='ltr'><strong>,quem</strong></span> <span class='ocrx_word' id='word_1_30' title='bbox 1144 851 1286 947; x_wconf 78' lang='lat' dir='ltr'><strong>libellum</strong></span> 
     </span>
     <span class='ocr_line' id='line_1_6' title="bbox 246 954 1286 1058; baseline -0.001 -17"><span class='ocrx_word' id='word_1_31' title='bbox 246 971 357 1041; x_wconf 88' lang='lat' dir='ltr'><strong>ecod.</strong></span> <span class='ocrx_word' id='word_1_32' title='bbox 379 970 562 1039; x_wconf 82' lang='lat' dir='ltr'><strong>Florentino</strong></span> <span class='ocrx_word' id='word_1_33' title='bbox 585 954 833 1038; x_wconf 80' lang='lat' dir='ltr'><strong>emendatiorem</strong></span> <span class='ocrx_word' id='word_1_34' title='bbox 861 971 953 1039; x_wconf 90' lang='lat' dir='ltr'><strong>nobis</strong></span> <span class='ocrx_word' id='word_1_35' title='bbox 980 970 1069 1039; x_wconf 89' lang='lat' dir='ltr'><strong>dedit</strong></span> <span class='ocrx_word' id='word_1_36' title='bbox 1090 973 1216 1058; x_wconf 78' lang='lat' dir='ltr'><strong>Kayser</strong></span> <span class='ocrx_word' id='word_1_37' title='bbox 1243 972 1286 1040; x_wconf 89' lang='lat' dir='ltr'><strong>ad</strong></span> 
     </span>
     <span class='ocr_line' id='line_1_7' title="bbox 245 1091 1285 1179; baseline -0.002 -18"><span class='ocrx_word' id='word_1_38' title='bbox 245 1094 392 1161; x_wconf 84' lang='lat' dir='ltr'><strong>Philostr.</strong></span> <span class='ocrx_word' id='word_1_39' title='bbox 416 1093 491 1159; x_wconf 89' lang='lat' dir='ltr'><strong>Vitt.</strong></span> <span class='ocrx_word' id='word_1_40' title='bbox 515 1091 611 1179; x_wconf 84' lang='lat' dir='ltr'><strong>Soph.</strong></span> <span class='ocrx_word' id='word_1_41' title='bbox 633 1114 663 1179; x_wconf 89' lang='lat' dir='ltr'><strong>p.</strong></span> <span class='ocrx_word' id='word_1_42' title='bbox 689 1094 748 1159; x_wconf 88' lang='grc'><strong>131</strong></span> <span class='ocrx_word' id='word_1_43' title='bbox 772 1112 841 1178; x_wconf 91' lang='lat' dir='ltr'><strong>sqq.</strong></span> <span class='ocrx_word' id='word_1_44' title='bbox 864 1091 913 1160; x_wconf 90' lang='lat' dir='ltr'><strong>ed.</strong></span> <span class='ocrx_word' id='word_1_45' title='bbox 936 1094 1037 1179; x_wconf 89' lang='lat' dir='ltr'><strong>prim,</strong></span> <span class='ocrx_word' id='word_1_46' title='bbox 1065 1092 1157 1178; x_wconf 88' lang='lat' dir='ltr'><strong>cujus</strong></span> <span class='ocrx_word' id='word_1_47' title='bbox 1184 1093 1285 1161; x_wconf 86' lang='lat' dir='ltr'><strong>critici</strong></span> 
     </span>
     <span class='ocr_line' id='line_1_8' title="bbox 245 1213 1284 1300; baseline 0 -17"><span class='ocrx_word' id='word_1_48' title='bbox 245 1214 344 1283; x_wconf 69' lang='lat' dir='ltr'><strong>adem</strong></span> <span class='ocrx_word' id='word_1_49' title='bbox 365 1214 599 1283; x_wconf 84' lang='lat' dir='ltr'><strong>Praelationem</strong></span> <span class='ocrx_word' id='word_1_50' title='bbox 621 1234 653 1300; x_wconf 90' lang='lat' dir='ltr'><strong>p.</strong></span> <span class='ocrx_word' id='word_1_51' title='bbox 674 1214 840 1282; x_wconf 87' lang='lat' dir='ltr'>XXXVII.</span> <span class='ocrx_word' id='word_1_52' title='bbox 895 1213 997 1293; x_wconf 84' lang='lat' dir='ltr'><strong>Quam</strong></span> <span class='ocrx_word' id='word_1_53' title='bbox 1027 1214 1178 1282; x_wconf 81' lang='lat' dir='ltr'><strong>Favorini</strong></span> <span class='ocrx_word' id='word_1_54' title='bbox 1205 1215 1284 1283; x_wconf 81' lang='lat' dir='ltr'><strong>relu-</strong></span> 
     </span>
     <span class='ocr_line' id='line_1_9' title="bbox 244 1335 1284 1424; baseline -0.001 -20"><span class='ocrx_word' id='word_1_55' title='bbox 244 1337 396 1404; x_wconf 86' lang='lat' dir='ltr'><strong>tationem</strong></span> <span class='ocrx_word' id='word_1_56' title='bbox 425 1336 566 1405; x_wconf 85' lang='lat' dir='ltr'><strong>Galenus</strong></span> <span class='ocrx_word' id='word_1_57' title='bbox 594 1337 647 1401; x_wconf 85' lang='lat' dir='ltr'><strong>vel</strong></span> <span class='ocrx_word' id='word_1_58' title='bbox 675 1356 716 1402; x_wconf 81' lang='lat' dir='ltr'><strong>cx</strong></span> <span class='ocrx_word' id='word_1_59' title='bbox 743 1335 808 1403; x_wconf 92' lang='lat' dir='ltr'><strong>alio</strong></span> <span class='ocrx_word' id='word_1_60' title='bbox 836 1336 979 1422; x_wconf 90' lang='lat' dir='ltr'><strong>scepticc</strong></span> <span class='ocrx_word' id='word_1_61' title='bbox 1007 1337 1143 1405; x_wconf 83' lang='lat' dir='ltr'><strong>mutuari</strong></span> <span class='ocrx_word' id='word_1_62' title='bbox 1172 1337 1284 1424; x_wconf 87' lang='lat' dir='ltr'><strong>potuit,</strong></span> 
     </span>
     <span class='ocr_line' id='line_1_10' title="bbox 166 1455 1283 1546; baseline -0.001 -22"><span class='ocrx_word' id='word_1_63' title='bbox 166 1492 169 1499; x_wconf 92' lang='lat'>·</span> <span class='ocrx_word' id='word_1_64' title='bbox 245 1458 386 1544; x_wconf 90' lang='lat' dir='ltr'><strong>eprimo</strong></span> <span class='ocrx_word' id='word_1_65' title='bbox 408 1456 489 1524; x_wconf 92' lang='lat' dir='ltr'><strong>libro</strong></span> <span class='ocrx_word' id='word_1_66' title='bbox 511 1455 724 1541; x_wconf 89' lang='lat' dir='ltr'><strong>Aenesidemi,</strong></span> <span class='ocrx_word' id='word_1_67' title='bbox 753 1457 781 1522; x_wconf 92' lang='lat' dir='ltr'><strong>si</strong></span> <span class='ocrx_word' id='word_1_68' title='bbox 811 1463 897 1523; x_wconf 88' lang='lat' dir='ltr'><strong>recte</strong></span> <span class='ocrx_word' id='word_1_69' title='bbox 925 1457 1114 1546; x_wconf 90' lang='lat' dir='ltr'><strong>interpretor</strong></span> <span class='ocrx_word' id='word_1_70' title='bbox 1135 1457 1283 1524; x_wconf 90' lang='lat' dir='ltr'><strong>Photium</strong></span> 
     </span>
     <span class='ocr_line' id='line_1_11' title="bbox 243 1577 1285 1673; baseline -0.002 -27"><span class='ocrx_word' id='word_1_71' title='bbox 243 1580 275 1646; x_wconf 92' lang='lat' dir='ltr'><strong>in</strong></span> <span class='ocrx_word' id='word_1_72' title='bbox 289 1579 369 1647; x_wconf 92' lang='lat' dir='ltr'><strong>Bibl.</strong></span> <span class='ocrx_word' id='word_1_73' title='bbox 382 1579 449 1647; x_wconf 88' lang='lat' dir='ltr'><strong>cod</strong></span> <span class='ocrx_word' id='word_1_74' title='bbox 461 1580 526 1645; x_wconf 76' lang='lat'><strong>212</strong></span> <span class='ocrx_word' id='word_1_75' title='bbox 547 1600 580 1666; x_wconf 91' lang='lat' dir='ltr'><strong>p.</strong></span> <span class='ocrx_word' id='word_1_76' title='bbox 594 1579 774 1646; x_wconf 82' lang='grc'><strong>169-171.</strong></span> <span class='ocrx_word' id='word_1_77' title='bbox 819 1577 902 1657; x_wconf 79' lang='lat' dir='ltr'><strong>Quid</strong></span> <span class='ocrx_word' id='word_1_78' title='bbox 925 1577 1010 1662; x_wconf 90' lang='lat' dir='ltr'><strong>quod</strong></span> <span class='ocrx_word' id='word_1_79' title='bbox 1029 1579 1102 1666; x_wconf 89' lang='lat' dir='ltr'><strong>ipse</strong></span> <span class='ocrx_word' id='word_1_80' title='bbox 1123 1578 1285 1673; x_wconf 79' lang='lat' dir='ltr'><strong>Lucienus</strong></span> 
     </span>
     <span class='ocr_line' id='line_1_12' title="bbox 242 1699 1282 1788; baseline 0 -21"><span class='ocrx_word' id='word_1_81' title='bbox 242 1701 439 1787; x_wconf 82' lang='lat' dir='ltr'><strong>Pyrrhonem</strong></span> <span class='ocrx_word' id='word_1_82' title='bbox 466 1699 565 1766; x_wconf 90' lang='lat' dir='ltr'><strong>multo</strong></span> <span class='ocrx_word' id='word_1_83' title='bbox 594 1699 723 1785; x_wconf 79' lang='lat' dir='ltr'><strong>grauius</strong></span> <span class='ocrx_word' id='word_1_84' title='bbox 752 1700 923 1786; x_wconf 81' lang='lat' dir='ltr'><strong>castigavit</strong></span> <span class='ocrx_word' id='word_1_85' title='bbox 951 1720 1047 1785; x_wconf 89' lang='lat' dir='ltr'><strong>quam</strong></span> <span class='ocrx_word' id='word_1_86' title='bbox 1074 1701 1155 1767; x_wconf 85' lang='lat' dir='ltr'><strong>alios</strong></span> <span class='ocrx_word' id='word_1_87' title='bbox 1181 1700 1282 1788; x_wconf 88' lang='lat' dir='ltr'><strong>philo-</strong></span> 
     </span>
    </p>
   </div>
   <div class='ocr_carea' id='block_1_3' title="bbox 241 1821 1382 1909">
    <p class='ocr_par' dir='ltr' id='par_1_3' title="bbox 241 1821 1382 1909">
     <span class='ocr_line' id='line_1_13' title="bbox 241 1821 1382 1909; baseline 0.002 -21"><span class='ocrx_word' id='word_1_88' title='bbox 241 1822 359 1909; x_wconf 91' lang='lat' dir='ltr'><strong>sophos</strong></span> <span class='ocrx_word' id='word_1_89' title='bbox 379 1822 414 1888; x_wconf 91' lang='lat' dir='ltr'><strong>in</strong></span> <span class='ocrx_word' id='word_1_90' title='bbox 435 1821 536 1888; x_wconf 74' lang='lat' dir='ltr'><strong>Vrtur.</strong></span> <span class='ocrx_word' id='word_1_91' title='bbox 557 1821 648 1888; x_wconf 89' lang='lat' dir='ltr'><strong>Auct.</strong></span> <span class='ocrx_word' id='word_1_92' title='bbox 671 1823 691 1902; x_wconf 66' lang='grc' dir='ltr'>ξ</span> <span class='ocrx_word' id='word_1_93' title='bbox 714 1822 766 1887; x_wconf 85' lang='grc'><strong>27.</strong></span> <span class='ocrx_word' id='word_1_94' title='bbox 816 1822 966 1889; x_wconf 76' lang='lat' dir='ltr'><strong>Attamen</strong></span> <span class='ocrx_word' id='word_1_95' title='bbox 996 1822 1050 1907; x_wconf 93' lang='lat' dir='ltr'><strong>qui</strong></span> <span class='ocrx_word' id='word_1_96' title='bbox 1078 1824 1129 1890; x_wconf 87' lang='lat' dir='ltr'><strong>vel</strong></span> <span class='ocrx_word' id='word_1_97' title='bbox 1150 1822 1281 1890; x_wconf 81' lang='lat' dir='ltr'><strong>Sextum</strong></span> <span class='ocrx_word' id='word_1_98' title='bbox 1379 1854 1382 1861; x_wconf 43' lang='lat'>¹</span> 
     </span>
    </p>
   </div>
   <div class='ocr_carea' id='block_1_4' title="bbox 208 1940 1281 4338">
    <p class='ocr_par' dir='ltr' id='par_1_4' title="bbox 208 1940 1281 4338">
     <span class='ocr_line' id='line_1_14' title="bbox 239 1940 1281 2031; baseline 0 -21"><span class='ocrx_word' id='word_1_99' title='bbox 239 1944 443 2030; x_wconf 83' lang='lat' dir='ltr'><strong>Empiricum,</strong></span> <span class='ocrx_word' id='word_1_100' title='bbox 465 1943 665 2029; x_wconf 87' lang='lat' dir='ltr'><strong>praeclarum</strong></span> <span class='ocrx_word' id='word_1_101' title='bbox 687 1941 773 2008; x_wconf 84' lang='lat' dir='ltr'><strong>haud</strong></span> <span class='ocrx_word' id='word_1_102' title='bbox 791 1940 888 2009; x_wconf 93' lang='lat' dir='ltr'><strong>dubie</strong></span> <span class='ocrx_word' id='word_1_103' title='bbox 906 1943 1130 2031; x_wconf 87' lang='lat' dir='ltr'><strong>philosophum</strong></span> <span class='ocrx_word' id='word_1_104' title='bbox 1152 1943 1281 2012; x_wconf 90' lang='lat' dir='ltr'><strong>adtente</strong></span> 
     </span>
     <span class='ocr_line' id='line_1_15' title="bbox 239 2063 1281 2153; baseline 0 -23"><span class='ocrx_word' id='word_1_105' title='bbox 239 2064 419 2151; x_wconf 82' lang='lat' dir='ltr'><strong>perlegerit,</strong></span> <span class='ocrx_word' id='word_1_106' title='bbox 441 2064 470 2131; x_wconf 88' lang='lat' dir='ltr'><strong>is</strong></span> <span class='ocrx_word' id='word_1_107' title='bbox 491 2063 682 2131; x_wconf 88' lang='lat' dir='ltr'><strong>dialecticen</strong></span> <span class='ocrx_word' id='word_1_108' title='bbox 704 2071 789 2131; x_wconf 88' lang='lat' dir='ltr'><strong>certe</strong></span> <span class='ocrx_word' id='word_1_109' title='bbox 806 2065 1060 2150; x_wconf 90' lang='lat' dir='ltr'><strong>Pyrrhonecrum</strong></span> <span class='ocrx_word' id='word_1_110' title='bbox 1079 2087 1143 2133; x_wconf 90' lang='lat' dir='ltr'><strong>non</strong></span> <span class='ocrx_word' id='word_1_111' title='bbox 1164 2066 1281 2153; x_wconf 91' lang='lat' dir='ltr'><strong>poterit</strong></span> 
     </span>
     <span class='ocr_line' id='line_1_16' title="bbox 239 2184 1280 2273; baseline 0.001 -21"><span class='ocrx_word' id='word_1_112' title='bbox 239 2208 303 2255; x_wconf 90' lang='lat' dir='ltr'><strong>non</strong></span> <span class='ocrx_word' id='word_1_113' title='bbox 335 2184 495 2255; x_wconf 84' lang='lat' dir='ltr'><strong>admirari.</strong></span> <span class='ocrx_word' id='word_1_114' title='bbox 555 2184 604 2253; x_wconf 91' lang='lat' dir='ltr'><strong>Ac</strong></span> <span class='ocrx_word' id='word_1_115' title='bbox 636 2185 780 2252; x_wconf 90' lang='lat' dir='ltr'><strong>similiter</strong></span> <span class='ocrx_word' id='word_1_116' title='bbox 807 2184 967 2270; x_wconf 82' lang='lat' dir='ltr'><strong>judicarit</strong></span> <span class='ocrx_word' id='word_1_117' title='bbox 999 2186 1048 2252; x_wconf 82' lang='lat' dir='ltr'><strong>vir</strong></span> <span class='ocrx_word' id='word_1_118' title='bbox 1080 2208 1102 2254; x_wconf 86' lang='lat' dir='ltr'><strong>a</strong></span> <span class='ocrx_word' id='word_1_119' title='bbox 1130 2188 1280 2273; x_wconf 88' lang='lat' dir='ltr'><strong>scepticis</strong></span> 
     </span>
     <span class='ocr_line' id='line_1_17' title="bbox 208 2303 1277 2393; baseline -0.005 -17"><span class='ocrx_word' id='word_1_120' title='bbox 208 2374 211 2380; x_wconf 90' lang='grc'>,</span> <span class='ocrx_word' id='word_1_121' title='bbox 238 2307 372 2376; x_wconf 76' lang='lat' dir='ltr'><strong>adorior</strong></span> <span class='ocrx_word' id='word_1_122' title='bbox 392 2306 525 2373; x_wconf 77' lang='lat' dir='ltr'><strong>Phoidus</strong></span> <span class='ocrx_word' id='word_1_123' title='bbox 546 2305 629 2373; x_wconf 89' lang='lat' dir='ltr'><strong>Bibl.</strong></span> <span class='ocrx_word' id='word_1_124' title='bbox 651 2306 721 2375; x_wconf 79' lang='lat' dir='ltr'><strong>cod.</strong></span> <span class='ocrx_word' id='word_1_125' title='bbox 734 2309 799 2373; x_wconf 76' lang='grc'><strong>212</strong></span> <span class='ocrx_word' id='word_1_126' title='bbox 819 2328 851 2393; x_wconf 85' lang='lat' dir='ltr'><strong>p.</strong></span> <span class='ocrx_word' id='word_1_127' title='bbox 865 2309 944 2373; x_wconf 79' lang='lat'>171:</span> <span class='ocrx_word' id='word_1_128' title='bbox 967 2318 1037 2382; x_wconf 79' lang='grc' dir='ltr'><strong>τοῖς</strong></span> <span class='ocrx_word' id='word_1_129' title='bbox 1058 2308 1173 2392; x_wconf 70' lang='grc' dir='ltr'><strong><em>μέντοι</em></strong></span> <span class='ocrx_word' id='word_1_130' title='bbox 1195 2303 1277 2373; x_wconf 70' lang='grc' dir='ltr'><strong><em>κατὰ</em></strong></span> 
     </span>
     <span class='ocr_line' id='line_1_18' title="bbox 239 2423 1278 2515; baseline -0.001 -21"><span class='ocrx_word' id='word_1_131' title='bbox 239 2423 507 2512; x_wconf 69' lang='grc' dir='ltr'><strong><em>διαλεκτικὴν</em></strong></span> <span class='ocrx_word' id='word_1_132' title='bbox 535 2426 677 2513; x_wconf 76' lang='grc' dir='ltr'><strong>μελέτην</strong></span> <span class='ocrx_word' id='word_1_133' title='bbox 698 2428 921 2513; x_wconf 72' lang='grc' dir='ltr'><strong><em>πονουμένοις</em></strong></span> <span class='ocrx_word' id='word_1_134' title='bbox 943 2466 986 2477; x_wconf 95' lang='lat'><strong>-—</strong></span> <span class='ocrx_word' id='word_1_135' title='bbox 1008 2427 1047 2494; x_wconf 79' lang='lat' dir='ltr'><strong>ud</strong></span> <span class='ocrx_word' id='word_1_136' title='bbox 1068 2426 1196 2515; x_wconf 70' lang='grc' dir='ltr'><strong><em>βιβλίον</em></strong></span> <span class='ocrx_word' id='word_1_137' title='bbox 1219 2425 1278 2493; x_wconf 77' lang='grc' dir='ltr'><strong>οὐκ</strong></span> 
     </span>
     <span class='ocr_line' id='line_1_19' title="bbox 239 2547 1278 2639; baseline 0.001 -24"><span class='ocrx_word' id='word_1_138' title='bbox 239 2547 401 2639; x_wconf 78' lang='grc' dir='ltr'><strong>ἄχρηστον</strong></span> <span class='ocrx_word' id='word_1_139' title='bbox 432 2548 545 2635; x_wconf 87' lang='lat' dir='ltr'><strong>(libros</strong></span> <span class='ocrx_word' id='word_1_140' title='bbox 577 2547 655 2615; x_wconf 88' lang='lat' dir='ltr'><strong>dicit</strong></span> <span class='ocrx_word' id='word_1_141' title='bbox 683 2548 909 2636; x_wconf 89' lang='lat' dir='ltr'><strong>Aenesidemi).</strong></span> <span class='ocrx_word' id='word_1_142' title='bbox 964 2548 1070 2628; x_wconf 86' lang='lat' dir='ltr'><strong>Quare</strong></span> <span class='ocrx_word' id='word_1_143' title='bbox 1101 2548 1180 2617; x_wconf 90' lang='lat' dir='ltr'><strong>illud</strong></span> <span class='ocrx_word' id='word_1_144' title='bbox 1213 2568 1278 2616; x_wconf 91' lang='lat' dir='ltr'><strong>non</strong></span> 
     </span>
     <span class='ocr_line' id='line_1_20' title="bbox 236 2668 1275 2756; baseline -0.002 -17"><span class='ocrx_word' id='word_1_145' title='bbox 236 2672 311 2740; x_wconf 89' lang='lat' dir='ltr'><strong>licet</strong></span> <span class='ocrx_word' id='word_1_146' title='bbox 331 2669 483 2738; x_wconf 76' lang='lat' dir='ltr'><strong>audacter</strong></span> <span class='ocrx_word' id='word_1_147' title='bbox 506 2668 683 2756; x_wconf 86' lang='lat' dir='ltr'><strong>adfirmare,</strong></span> <span class='ocrx_word' id='word_1_148' title='bbox 705 2689 802 2755; x_wconf 91' lang='lat' dir='ltr'><strong>quum</strong></span> <span class='ocrx_word' id='word_1_149' title='bbox 812 2670 1067 2756; x_wconf 88' lang='lat' dir='ltr'><strong>Pyrrhoueorum</strong></span> <span class='ocrx_word' id='word_1_150' title='bbox 1087 2678 1175 2741; x_wconf 88' lang='lat' dir='ltr'><strong>secta</strong></span> <span class='ocrx_word' id='word_1_151' title='bbox 1192 2669 1275 2738; x_wconf 84' lang='lat' dir='ltr'><strong>adeo</strong></span> 
     </span>
     <span class='ocr_line' id='line_1_21' title="bbox 235 2790 1276 2879; baseline -0.001 -20"><span class='ocrx_word' id='word_1_152' title='bbox 235 2793 329 2861; x_wconf 80' lang='lat' dir='ltr'><strong>fucrit</strong></span> <span class='ocrx_word' id='word_1_153' title='bbox 347 2798 514 2877; x_wconf 82' lang='lat' dir='ltr'><strong>contemta,</strong></span> <span class='ocrx_word' id='word_1_154' title='bbox 534 2792 585 2859; x_wconf 83' lang='lat' dir='ltr'><strong>vcl</strong></span> <span class='ocrx_word' id='word_1_155' title='bbox 602 2790 723 2858; x_wconf 89' lang='lat' dir='ltr'><strong>idcirco</strong></span> <span class='ocrx_word' id='word_1_156' title='bbox 741 2792 861 2859; x_wconf 83' lang='lat' dir='ltr'><strong>nullam</strong></span> <span class='ocrx_word' id='word_1_157' title='bbox 877 2792 943 2859; x_wconf 85' lang='lat' dir='ltr'><strong>rim</strong></span> <span class='ocrx_word' id='word_1_158' title='bbox 962 2812 1002 2861; x_wconf 88' lang='lat' dir='ltr'><strong>ea</strong></span> <span class='ocrx_word' id='word_1_159' title='bbox 1014 2793 1133 2879; x_wconf 82' lang='lat' dir='ltr'><strong>probra</strong></span> <span class='ocrx_word' id='word_1_160' title='bbox 1147 2792 1276 2878; x_wconf 88' lang='lat' dir='ltr'><strong>habere,</strong></span> 
     </span>
     <span class='ocr_line' id='line_1_22' title="bbox 232 2911 1272 3000; baseline 0 -19"><span class='ocrx_word' id='word_1_161' title='bbox 232 2932 318 2998; x_wconf 85' lang='lat' dir='ltr'><strong>quac</strong></span> <span class='ocrx_word' id='word_1_162' title='bbox 349 2935 372 2981; x_wconf 89' lang='lat' dir='ltr'><strong>a</strong></span> <span class='ocrx_word' id='word_1_163' title='bbox 398 2911 592 2999; x_wconf 86' lang='lat' dir='ltr'><strong>Pyrrhoneis</strong></span> <span class='ocrx_word' id='word_1_164' title='bbox 620 2919 755 3000; x_wconf 86' lang='lat' dir='ltr'><strong>accepta</strong></span> <span class='ocrx_word' id='word_1_165' title='bbox 785 2913 820 2981; x_wconf 92' lang='lat' dir='ltr'><strong>in</strong></span> <span class='ocrx_word' id='word_1_166' title='bbox 846 2912 1041 2981; x_wconf 89' lang='lat' dir='ltr'><strong>Hermotimo</strong></span> <span class='ocrx_word' id='word_1_167' title='bbox 1071 2913 1272 3000; x_wconf 87' lang='lat' dir='ltr'><strong>philosophis</strong></span> 
     </span>
     <span class='ocr_line' id='line_1_23' title="bbox 235 3033 1274 3103; baseline -0.003 0"><span class='ocrx_word' id='word_1_168' title='bbox 235 3035 418 3103; x_wconf 78' lang='lat' dir='ltr'><strong>inferuntur.</strong></span> <span class='ocrx_word' id='word_1_169' title='bbox 473 3033 557 3101; x_wconf 89' lang='lat' dir='ltr'><strong>Illud</strong></span> <span class='ocrx_word' id='word_1_170' title='bbox 589 3053 665 3100; x_wconf 89' lang='lat' dir='ltr'><strong>vero</strong></span> <span class='ocrx_word' id='word_1_171' title='bbox 698 3033 804 3101; x_wconf 90' lang='lat' dir='ltr'><strong>dicere</strong></span> <span class='ocrx_word' id='word_1_172' title='bbox 837 3055 902 3101; x_wconf 87' lang='lat' dir='ltr'><strong>uon</strong></span> <span class='ocrx_word' id='word_1_173' title='bbox 929 3034 1031 3102; x_wconf 89' lang='lat' dir='ltr'><strong>solum</strong></span> <span class='ocrx_word' id='word_1_174' title='bbox 1060 3034 1137 3102; x_wconf 91' lang='lat' dir='ltr'><strong>licet</strong></span> <span class='ocrx_word' id='word_1_175' title='bbox 1164 3054 1274 3101; x_wconf 86' lang='lat' dir='ltr'><strong>rernm</strong></span> 
     </span>
     <span class='ocr_line' id='line_1_24' title="bbox 235 3155 1273 3243; baseline -0.002 -20"><span class='ocrx_word' id='word_1_176' title='bbox 235 3157 331 3223; x_wconf 84' lang='lat' dir='ltr'><strong>ctiam</strong></span> <span class='ocrx_word' id='word_1_177' title='bbox 359 3175 490 3224; x_wconf 85' lang='lat' dir='ltr'><strong>necesse</strong></span> <span class='ocrx_word' id='word_1_178' title='bbox 518 3161 576 3242; x_wconf 88' lang='lat' dir='ltr'><strong>est,</strong></span> <span class='ocrx_word' id='word_1_179' title='bbox 605 3155 647 3221; x_wconf 87' lang='lat' dir='ltr'><strong>ab</strong></span> <span class='ocrx_word' id='word_1_180' title='bbox 668 3155 811 3223; x_wconf 79' lang='lat' dir='ltr'><strong>Lucieno</strong></span> <span class='ocrx_word' id='word_1_181' title='bbox 839 3156 894 3239; x_wconf 90' lang='lat' dir='ltr'><strong>qui</strong></span> <span class='ocrx_word' id='word_1_182' title='bbox 915 3156 1117 3243; x_wconf 90' lang='lat' dir='ltr'><strong>Pyrrhoneos</strong></span> <span class='ocrx_word' id='word_1_183' title='bbox 1145 3155 1197 3222; x_wconf 88' lang='lat' dir='ltr'><strong>hie</strong></span> <span class='ocrx_word' id='word_1_184' title='bbox 1220 3175 1273 3222; x_wconf 84' lang='lat' dir='ltr'><strong>ex·</strong></span> 
     </span>
     <span class='ocr_line' id='line_1_25' title="bbox 234 3275 1271 3364; baseline 0.001 -22"><span class='ocrx_word' id='word_1_185' title='bbox 234 3277 405 3364; x_wconf 84' lang='lat' dir='ltr'><strong>scripserit,</strong></span> <span class='ocrx_word' id='word_1_186' title='bbox 438 3275 573 3345; x_wconf 87' lang='lat' dir='ltr'><strong>candem</strong></span> <span class='ocrx_word' id='word_1_187' title='bbox 600 3278 905 3363; x_wconf 77' lang='lat' dir='ltr'><strong>argumentationem</strong></span> <span class='ocrx_word' id='word_1_188' title='bbox 933 3276 1163 3364; x_wconf 87' lang='lat' dir='ltr'><strong>reposcendam</strong></span> <span class='ocrx_word' id='word_1_189' title='bbox 1191 3296 1271 3362; x_wconf 90' lang='lat' dir='ltr'><strong>esse,</strong></span> 
     </span>
     <span class='ocr_line' id='line_1_26' title="bbox 235 3397 1273 3485; baseline 0.003 -23"><span class='ocrx_word' id='word_1_190' title='bbox 235 3416 298 3482; x_wconf 87' lang='lat' dir='ltr'><strong>qua</strong></span> <span class='ocrx_word' id='word_1_191' title='bbox 318 3397 381 3485; x_wconf 81' lang='lat' dir='ltr'><strong>ipsi</strong></span> <span class='ocrx_word' id='word_1_192' title='bbox 402 3398 535 3485; x_wconf 85' lang='lat' dir='ltr'><strong>sceptici</strong></span> <span class='ocrx_word' id='word_1_193' title='bbox 557 3399 696 3467; x_wconf 90' lang='lat' dir='ltr'><strong>omnium</strong></span> <span class='ocrx_word' id='word_1_194' title='bbox 718 3405 974 3484; x_wconf 83' lang='lat' dir='ltr'><strong>argumentorum</strong></span> <span class='ocrx_word' id='word_1_195' title='bbox 1003 3406 1149 3468; x_wconf 87' lang='lat' dir='ltr'><strong>auctores</strong></span> <span class='ocrx_word' id='word_1_196' title='bbox 1177 3403 1273 3465; x_wconf 84' lang='lat' dir='ltr'><strong>antea</strong></span> 
     </span>
     <span class='ocr_line' id='line_1_27' title="bbox 233 3518 1271 3605; baseline 0 -21"><span class='ocrx_word' id='word_1_197' title='bbox 233 3519 282 3586; x_wconf 90' lang='lat' dir='ltr'><strong>nsi</strong></span> <span class='ocrx_word' id='word_1_198' title='bbox 304 3526 403 3588; x_wconf 87' lang='lat' dir='ltr'><strong>erant.</strong></span> <span class='ocrx_word' id='word_1_199' title='bbox 446 3520 543 3605; x_wconf 88' lang='lat' dir='ltr'><strong>Atqui</strong></span> <span class='ocrx_word' id='word_1_200' title='bbox 565 3520 725 3589; x_wconf 79' lang='lat' dir='ltr'><strong>Lucienus</strong></span> <span class='ocrx_word' id='word_1_201' title='bbox 753 3521 876 3589; x_wconf 87' lang='lat' dir='ltr'><strong>ratione</strong></span> <span class='ocrx_word' id='word_1_202' title='bbox 904 3521 989 3589; x_wconf 88' lang='lat' dir='ltr'><strong>male</strong></span> <span class='ocrx_word' id='word_1_203' title='bbox 1018 3521 1167 3587; x_wconf 85' lang='lat' dir='ltr'><strong>conclusa</strong></span> <span class='ocrx_word' id='word_1_204' title='bbox 1196 3518 1271 3586; x_wconf 94' lang='lat' dir='ltr'><strong>inde</strong></span> 
     </span>
     <span class='ocr_line' id='line_1_28' title="bbox 233 3635 1270 3729; baseline -0.005 -18"><span class='ocrx_word' id='word_1_205' title='bbox 233 3641 413 3728; x_wconf 82' lang='lat' dir='ltr'><strong>collegerat,</strong></span> <span class='ocrx_word' id='word_1_206' title='bbox 442 3641 528 3709; x_wconf 91' lang='lat' dir='ltr'><strong>omni</strong></span> <span class='ocrx_word' id='word_1_207' title='bbox 556 3635 760 3729; x_wconf 85' lang='lat' dir='ltr'><strong>philosophie</strong></span> <span class='ocrx_word' id='word_1_208' title='bbox 787 3642 914 3729; x_wconf 86' lang='lat' dir='ltr'><strong>penitus</strong></span> <span class='ocrx_word' id='word_1_209' title='bbox 942 3640 1163 3709; x_wconf 87' lang='lat' dir='ltr'><strong>abstinendum</strong></span> <span class='ocrx_word' id='word_1_210' title='bbox 1191 3659 1270 3707; x_wconf 87' lang='lat' dir='ltr'><strong>esse.</strong></span> 
     </span>
     <span class='ocr_line' id='line_1_29' title="bbox 231 3758 1270 3851; baseline -0.003 -22"><span class='ocrx_word' id='word_1_211' title='bbox 231 3760 296 3829; x_wconf 88' lang='lat' dir='ltr'><strong>Scd</strong></span> <span class='ocrx_word' id='word_1_212' title='bbox 318 3763 508 3831; x_wconf 63' lang='lat' dir='ltr'><strong>contorium</strong></span> <span class='ocrx_word' id='word_1_213' title='bbox 529 3763 608 3850; x_wconf 90' lang='lat' dir='ltr'><strong>ipsis</strong></span> <span class='ocrx_word' id='word_1_214' title='bbox 629 3764 751 3851; x_wconf 87' lang='lat' dir='ltr'><strong>placuit</strong></span> <span class='ocrx_word' id='word_1_215' title='bbox 772 3763 929 3850; x_wconf 87' lang='lat' dir='ltr'><strong>scepticis,</strong></span> <span class='ocrx_word' id='word_1_216' title='bbox 962 3783 1027 3829; x_wconf 91' lang='lat' dir='ltr'><strong>non</strong></span> <span class='ocrx_word' id='word_1_217' title='bbox 1047 3758 1270 3829; x_wconf 82' lang='lat' dir='ltr'><strong>abstinendum</strong></span> 
     </span>
     <span class='ocr_line' id='line_1_30' title="bbox 231 3882 1269 3973; baseline 0.001 -25"><span class='ocrx_word' id='word_1_218' title='bbox 231 3882 288 3948; x_wconf 87' lang='lat' dir='ltr'><strong>sed</strong></span> <span class='ocrx_word' id='word_1_219' title='bbox 309 3885 361 3951; x_wconf 89' lang='lat' dir='ltr'><strong>rel</strong></span> <span class='ocrx_word' id='word_1_220' title='bbox 390 3884 527 3955; x_wconf 81' lang='lat' dir='ltr'><strong>maxime</strong></span> <span class='ocrx_word' id='word_1_221' title='bbox 557 3885 708 3954; x_wconf 88' lang='lat' dir='ltr'><strong>utendum</strong></span> <span class='ocrx_word' id='word_1_222' title='bbox 737 3904 808 3953; x_wconf 89' lang='lat' dir='ltr'><strong>esse</strong></span> <span class='ocrx_word' id='word_1_223' title='bbox 837 3884 1057 3973; x_wconf 84' lang='lat' dir='ltr'><strong>philosophia,</strong></span> <span class='ocrx_word' id='word_1_224' title='bbox 1091 3903 1129 3950; x_wconf 93' lang='lat' dir='ltr'><strong>eo</strong></span> <span class='ocrx_word' id='word_1_225' title='bbox 1162 3888 1269 3950; x_wconf 90' lang='lat' dir='ltr'><strong>tamen</strong></span> 
     </span>
     <span class='ocr_line' id='line_1_31' title="bbox 231 4007 1269 4095; baseline -0.001 -25"><span class='ocrx_word' id='word_1_226' title='bbox 231 4010 478 4091; x_wconf 86' lang='lat' dir='ltr'><strong>temperamento</strong></span> <span class='ocrx_word' id='word_1_227' title='bbox 500 4013 535 4073; x_wconf 91' lang='lat' dir='ltr'><strong>nt</strong></span> <span class='ocrx_word' id='word_1_228' title='bbox 557 4028 652 4093; x_wconf 84' lang='lat' dir='ltr'><strong>quam</strong></span> <span class='ocrx_word' id='word_1_229' title='bbox 673 4007 802 4095; x_wconf 89' lang='lat' dir='ltr'><strong>plurimi</strong></span> <span class='ocrx_word' id='word_1_230' title='bbox 823 4007 1030 4094; x_wconf 85' lang='lat' dir='ltr'><strong>philosophos</strong></span> <span class='ocrx_word' id='word_1_231' title='bbox 1051 4026 1086 4075; x_wconf 89' lang='lat' dir='ltr'><strong>se</strong></span> <span class='ocrx_word' id='word_1_232' title='bbox 1109 4025 1179 4073; x_wconf 91' lang='lat' dir='ltr'><strong>esse</strong></span> <span class='ocrx_word' id='word_1_233' title='bbox 1197 4025 1269 4092; x_wconf 89' lang='lat' dir='ltr'><strong>pro-</strong></span> 
     </span>
     <span class='ocr_line' id='line_1_32' title="bbox 231 4124 1268 4215; baseline 0.003 -27"><span class='ocrx_word' id='word_1_234' title='bbox 231 4124 394 4193; x_wconf 85' lang='lat' dir='ltr'><strong>fiterentur</strong></span> <span class='ocrx_word' id='word_1_235' title='bbox 414 4128 582 4215; x_wconf 85' lang='lat' dir='ltr'><strong>scepticos.</strong></span> <span class='ocrx_word' id='word_1_236' title='bbox 627 4129 816 4213; x_wconf 84' lang='lat' dir='ltr'><strong>Quanquam</strong></span> <span class='ocrx_word' id='word_1_237' title='bbox 831 4150 873 4197; x_wconf 91' lang='lat' dir='ltr'><strong>ne</strong></span> <span class='ocrx_word' id='word_1_238' title='bbox 890 4130 952 4196; x_wconf 90' lang='lat' dir='ltr'><strong>hoc</strong></span> <span class='ocrx_word' id='word_1_239' title='bbox 967 4127 1096 4213; x_wconf 88' lang='lat' dir='ltr'><strong>quidem</strong></span> <span class='ocrx_word' id='word_1_240' title='bbox 1117 4126 1193 4195; x_wconf 91' lang='lat' dir='ltr'><strong>boni</strong></span> <span class='ocrx_word' id='word_1_241' title='bbox 1214 4126 1268 4192; x_wconf 89' lang='lat' dir='ltr'><strong>isti</strong></span> 
     </span>
     <span class='ocr_line' id='line_1_33' title="bbox 231 4245 1268 4338; baseline 0.002 -29"><span class='ocrx_word' id='word_1_242' title='bbox 231 4245 407 4330; x_wconf 84' lang='lat' dir='ltr'><strong>Pyrrhonei</strong></span> <span class='ocrx_word' id='word_1_243' title='bbox 435 4248 478 4321; x_wconf 81' lang='lat' dir='ltr'><strong>eb</strong></span> <span class='ocrx_word' id='word_1_244' title='bbox 505 4250 599 4321; x_wconf 85' lang='lat' dir='ltr'><strong>nobis</strong></span> <span class='ocrx_word' id='word_1_245' title='bbox 627 4250 849 4338; x_wconf 78' lang='lat' dir='ltr'><strong>impetrabunt.</strong></span> <span class='ocrx_word' id='word_1_246' title='bbox 905 4251 1018 4336; x_wconf 86' lang='lat' dir='ltr'><strong>Neque</strong></span> <span class='ocrx_word' id='word_1_247' title='bbox 1050 4249 1134 4318; x_wconf 88' lang='lat' dir='ltr'><strong>enim</strong></span> <span class='ocrx_word' id='word_1_248' title='bbox 1166 4246 1268 4313; x_wconf 85' lang='lat' dir='ltr'><strong>cuivis</strong></span> 
     </span>
    </p>
   </div>
   <div class='ocr_carea' id='block_1_5' title="bbox 0 0 1528 5166">
    <p class='ocr_par' dir='ltr' id='par_1_5' title="bbox 0 0 1528 5166">
     <span class='ocr_line' id='line_1_34' title="bbox 0 0 1528 5166; baseline 0 7"><span class='ocrx_word' id='word_1_249' title='bbox 0 0 1528 5166; x_wconf 95' lang='lat' dir='ltr'><strong> </strong></span> 
     </span>
    </p>
   </div>
  </div>
 </body>
</html>
