3046 5166
607 379 658 436 An
683 377 883 439 LUOIANUM.
1112 393 1118 400 ·
1174 379 1268 435 XXXI

227 532 449 620 philosophiae
467 530 727 605 obtreotationom
742 532 890 620 seoptieis
907 533 1053 600 omnibus
1070 552 1267 603 eommunom

121 670 124 674 ·
197 694 201 701 ·
227 656 261 720 in
289 656 472 741 Menippum
495 653 632 741 eadere,
666 656 699 722 in
728 655 903 722 Varronem
934 661 970 721 nt
1002 674 1099 743 supra
1129 642 1267 724 vidimus

228 775 362 843 eandem
384 795 447 842 non
470 774 595 862 cadere,
623 796 727 861 neque
754 777 837 843 tales
858 776 1000 863 Menippi
1027 776 1116 844 looos
1137 783 1212 865 apte
1232 779 1266 844 in

227 904 367 965 saturam
406 897 544 964 derivari
580 897 713 965 latinam
748 899 898 984 potuisse.
963 897 1131 965 Enimvero
1165 900 1267 966 omnis

227 1019 437 1105 seeptioorum
463 1018 609 1086 doctrina
635 1019 678 1086 ad
705 1039 824 1087 meram
850 1020 919 1087 fere
946 1018 1042 1087 rediit
1068 1018 1265 1087 dialeotioen.

228 1140 331 1218 Onum
352 1148 457 1207 autom
485 1141 591 1209 nulius
619 1160 759 1223 anquam
786 1141 933 1209 satiricus
961 1159 1070 1208 oerore
1098 1139 1267 1208 dialsotioa

227 1263 374 1348 potnerit,
397 1282 555 1347 quomque
572 1263 668 1329 etiam
684 1262 726 1329 ab
736 1262 888 1348 Varrone,
906 1270 942 1329 nt
957 1269 1006 1330 ost
1019 1261 1106 1349 apud
1117 1263 1265 1348 Tullium,

228 1383 337 1468 ‚multa
364 1383 452 1450 diota
476 1383 592 1451 fuerint
620 1382 813 1450 dialeotieo‘:
847 1383 988 1470 proferto
1016 1384 1097 1451 nihil
1123 1384 1266 1483 impedit

228 1504 304 1587 qnin
327 1511 359 1570 et
374 1504 542 1592 Menippus
564 1512 597 1572 et
617 1525 693 1572 vero
710 1506 808 1571 etiam
819 1505 920 1571 Varro
938 1505 1148 1592 soeptioornm
1165 1510 1266 1571 artem

228 1644 398 1711 eorumque
415 1625 502 1693 diota
519 1626 687 1695 dialeetioa
704 1632 831 1693 seontns
849 1625 899 1711 sit,
912 1624 1083 1693 dnmmodo
1095 1626 1152 1692 illa
1167 1624 1267 1711 digna
1345 1708 1351 1719 Ι

228 1754 333 1815 essent
353 1747 553 1835 philosopho,
576 1770 640 1817 non
658 1749 877 1814 obtreetatoro.
909 1746 979 1826 Ouo
1001 1748 1104 1832 magis
1126 1754 1265 1813 nostrum
1293 1831 1302 1847 ι

102 1909 104 1912 >
227 1875 275 1936 est
297 1887 458 1955 quaerere,
488 1889 563 1935 num
592 1888 675 1954 quae
703 1869 913 1956 soeptioorum
940 1869 1103 1937 doetrinae
1130 1869 1267 1954 vestigia

227 1990 260 2056 in
281 1990 435 2058 Varronis
455 1992 572 2058 saturis
592 1991 748 2077 impressa
769 1990 930 2077 legantur:
963 2011 1058 2075 qnam
1087 2011 1153 2058 rem
1182 2012 1281 2071 nuno,

227 2132 296 2178 nno·
313 2120 398 2178 certe
418 2112 489 2179 loeo
511 2112 544 2178 in
566 2112 616 2180 his
638 2119 815 2198 temporum
841 2131 982 2181 meorum
1009 2112 1165 2198 angustiis
1193 2132 1266 2179 oon-

227 2233 369 2300 tirmabo.
425 2234 463 2299 In
492 2252 554 2317 qno
588 2233 698 2301 eodem
732 2233 883 2322 parodias
911 2235 1053 2321 Menippi
1081 2234 1266 2301 Homerioas

226 2354 365 2421 imitator
393 2356 559 2442 expressit,
588 2361 624 2421 nt
651 2357 731 2423 haee
752 2355 867 2423 doeont
888 2356 1055 2422 Varronis:
1084 2355 1201 2441 ,ebrias
1221 2375 1266 2441 es,

226 2475 349 2542 Marce:
373 2475 541 2563 Odyssean
563 2478 647 2543 anim
661 2477 791 2544 Homeri
812 2477 963 2557 ruminari
983 2475 1117 2563 incipis,
1140 2476 1266 2560 quibus·
1394 2574 1396 2578 Ι

228 2617 299 2664 oum
320 2598 402 2665 alias
423 2598 542 2665 contuli
559 2599 721 2666 Luoianea
742 2598 934 2665 inOharone
955 2599 1030 2680 §23
1046 2597 1114 2665 init.
1142 2598 1266 2684 Nempe

226 2739 290 2785 non
312 2721 413 2786 solnm
435 2720 595 2787 Laoianns
616 2718 767 2806 parodias
789 2740 907 2805 easque
927 2719 1044 2807 partim
1066 2739 1106 2785 ex
1119 2718 1266 2805 Odyssea

208 2840 357 2907 nassas
379 2840 460 2907 solet
481 2839 628 2927 inserere,
651 2840 709 2908 sed
731 2841 828 2909 etiam
837 2841 938 2908 Varro
954 2840 988 2907 in
1004 2840 1119 2907 saturis
1129 2840 1265 2906 Ennium

169 2986 176 2993 ·
226 2960 370 3045 aliosque
391 2968 504 3047 poetas
525 2961 668 3049 parodiis
688 2961 771 3029 ridet
798 2963 936 3049 saepius,
966 2980 1062 3046 qnam
1090 2962 1165 3028 olim
1194 2963 1265 3048 ipse

226 3088 382 3171 putaram.
403 3081 572 3169 Adp'onam
587 3102 670 3151 nono
684 3082 747 3150 duo
763 3084 921 3169 ‚Bimaroi‘
937 3089 1064 3150 saturae
1078 3082 1265 3169 fragmenta,

226 3222 309 3287 quae
329 3204 558 3291 propemodum
585 3205 755 3273 oohaerent
784 3212 816 3272 et
839 3205 928 3289 justo
956 3204 1117 3291 adponam
1144 3205 1263 3271 ordine.

226 3322 366 3402 Quorum
387 3325 476 3412 prins
497 3326 653 3413 integrum
676 3334 725 3395 est
746 3327 779 3393 in
795 3326 901 3394 Nonio
917 3349 949 3414 p.
963 3328 1037 3413 383,
1055 3328 1108 3413 26,
1126 3327 1267 3394 etverba

226 3444 408 3532 ‚Odyssian
429 3484 472 3497 -
493 3448 619 3535 inoipis‘
647 3448 683 3515 in
703 3447 814 3516 eodem
839 3469 872 3534 p.
894 3449 969 3533 480,
991 3449 1050 3515 23:
1084 3447 1200 3533 ‚ebrius
1221 3466 1266 3534 es,

225 3566 347 3635 Meroe:
370 3567 531 3655 Odyssian
553 3568 748 3658 (Odyssean)
776 3570 861 3636 enim
882 3569 1013 3636 Homeri
1040 3570 1193 3635 ruminari
1219 3570 1266 3634 in-

226 3690 321 3777 cipis,
354 3709 426 3757 enm
454 3691 529 3776 περὶ
549 3687 684 3777 τρόπων
705 3692 894 3778 scripturam
921 3697 953 3756 te
982 3689 1058 3773 Sejo
1086 3689 1266 3775 reoeperis.‘

225 3811 276 3876 Ad
302 3820 477 3879 extremum
497 3813 594 3900 vulgo
624 3820 673 3881 est
694 3819 735 3900 ,te
757 3813 843 3898 soio‘‚
873 3811 931 3878 sed
957 3812 992 3877 in
1020 3807 1144 3877 dnobus
1173 3809 1265 3876 eodd.
1374 3792 1377 3801 ⁴

225 3931 307 4000 bene
327 3935 459 4019 iegitur:
483 3940 525 4021 ,te
546 3935 633 4022 seio‘‚
654 3933 740 4002 unde
761 3934 937 4001 Bueoholor
958 3938 991 4001 et
1011 3955 1043 4020 p.
1057 3933 1120 3999 106
1141 3932 1266 3999 Riesins

226 4059 268 4138 ‚te
289 4052 373 4120 Seio‘
394 4056 607 4127 restituerunt.
642 4057 733 4124 Viros
755 4063 861 4123 antem
875 4054 1012 4123 Varroni
1033 4055 1184 4138 aequales
1205 4054 1266 4121 hoo

226 4174 354 4241 nornine
374 4177 482 4261 plnres
504 4178 659 4264 novimas,
691 4183 727 4243 nt
749 4177 890 4245 Gnaeum
911 4155 1029 4261 Sejum'
1042 4175 1109 4263 (ap.
1131 4176 1170 4241 A.
1193 4172 1267 4241 Oel-

225 4294 303 4361 lium
324 4295 364 4363 N.
385 4297 422 4365 A.
443 4297 500 4383 111,
522 4300 569 4384 9),
589 4297 648 4366 sed
669 4299 753 4367 hono
773 4300 878 4386 ipsum
898 4297 1052 4365 Varronis
1071 4295 1181 4381 Oojum
1201 4314 1267 4362 non
