3066 5162
582 429 916 497 ιιιιεοειεωιιιιιοε.
1195 412 1266 483 127

232 615 409 705 σταθμούς
429 642 521 692 τινας
541 616 595 683 καί
616 611 833 704 παρασάγγας
853 613 1109 693 ὑποξενίζοντος.
1141 616 1266 681 ΜΕΝ.

230 721 280 810 μὴ
303 719 505 812 θαυμάσῃς,
536 717 700 808 ἀέταίρε,
732 724 763 786 ελ
781 720 928 807 μετέωρα
957 720 1010 785 καί
1039 718 1163 807 διαέρια
1187 720 1270 786 δοκῶ

233 853 285 894 σοι
306 828 425 916 λέγειν·
456 823 495 892 τὸ
518 822 694 912 κεφάλαιον
714 821 778 912 γάρ
801 822 842 909 δη
865 821 949 910 πρὸς
979 821 1125 910 ἐμαυτὸν
1146 823 1236 913 λογίζ
1253 862 1271 873 -

231 956 296 1018 μαι
316 938 376 1016 τῆς
398 935 532 1021 ἔναγχος
553 928 756 1015 ἀποδημίας.
786 929 883 995 ΦΙΛ.
910 927 990 1007 εἶτα,
1016 923 1138 1016 ἀγαθὲ,
1162 925 1272 994 καθά·
1307 960 1310 965 ·

232 1062 295 1122 περ
318 1040 350 1103 οί
376 1035 522 1109 Φοίνικες
550 1033 682 1120 ἀστροις
710 1032 905 1120 ἐτεκμαίρου
926 1030 987 1119 την
1011 1031 1111 1116 ὑδάνς
1145 1034 1268 1100 ΜΕΝ.

233 1140 271 1207 ού
294 1139 345 1226 μά
368 1139 422 1207 Δί’
450 1138 512 1205 ἀλλ’
538 1144 574 1205 ἐν
596 1137 707 1214 αὐτοῖς
735 1150 804 1213 τοῖς
834 1136 966 1224 ἄστροις
995 1136 1181 1226 ἐποιούμην
1210 1135 1273 1223 την

234 1244 440 1331 ἀποδημίαν.
482 1245 579 1311 ΦΙΛ.
604 1241 792 1329 Ἡράκλεις,
815 1240 947 1328 μακράν
967 1268 1041 1310 τινα
1063 1243 1123 1311 τάν
1145 1241 1274 1330 ὄνειρον

233 1351 348 1439 λέγεις,
380 1352 413 1416 εί
432 1375 470 1439 γε
493 1345 617 1416 σαυτδν
639 1349 756 1421 ἔλαθες
777 1349 1036 1434 κατακοιμηθεὶς
1057 1346 1274 1439 παρασάγγας

234 1454 339 1529 ὅλους.
387 1457 416 1521 2.
440 1455 564 1520 ΜΕΝ.
598 1450 725 1539 ὄνειρον
747 1448 809 1540 γάρ
832 1446 856 1518 ἀ
878 1460 951 1530 τᾶν,
976 1451 1060 1519 δοκῶ
1084 1477 1136 1519 σοι
1157 1455 1270 1541 λέγειν,

234 1558 271 1632 ὃς
294 1556 410 1643 ἀρτίως
433 1556 574 1647 ἀφῖγμαι
595 1555 687 1643 παρά
709 1563 768 1622 τοῦ
782 1552 881 1635 Διάςς
908 1556 1005 1623 ΦΙΛ.
1031 1564 1101 1633 πῶς
1122 1561 1273 1643 ἕφησθας

234 1662 414 1737 Μένιππος
434 1660 519 1748 ἡμῖν
542 1659 695 1747 διοπετης
717 1658 876 1748 πάρεστιν
897 1665 929 1737 ἐξ
951 1661 1115 1748 ούρανοῦς
1144 1663 1269 1728 ΜΕΝ.

234 1767 288 1832 καὶ
317 1764 390 1853 μην
412 1764 472 1855 ε’γά
497 1792 548 1834 σοι
578 1765 652 1854 παρ’
679 1765 782 1833 αὑτοῦ
810 1766 935 1834 ἐκείνου
954 1774 1013 1833 τοῦ
1037 1765 1129 1833 πάνυ
1150 1770 1172 1809 ⁴
1194 1764 1274 1842 Διὸς
1291 1779 1342 1832 75³

233 1871 302 1955 η’κω
324 1868 482 1958 τήμερον,
515 1868 693 1958 θαυμάσια
723 1872 778 1937 καὶ
808 1869 952 1948 ἀκούσας
980 1872 1034 1938 καλ
1058 1870 1151 1939 ι’δάν·
1188 1876 1218 1938 εἰ
1238 1871 1274 1937 δὲ

236 1973 399 2056 ἀπιστεῖς,
441 1978 495 2043 καί
535 1974 616 2043 αὑτά
649 1983 748 2043 τοῦτο
782 1975 1085 2063 ὑπερευφραίνομαι
1117 1975 1155 2043 τδ
1189 1980 1275 2063 πέρα

235 2081 374 2156 πίστεως
396 2080 547 2171 εύιυχεῖν.
585 2081 683 2148 ΦῙΛ.
707 2082 761 2147 κοιλ
783 2088 853 2157 πῶς
875 2080 915 2146 ἀν
939 2081 1048 2170 ίγωγε,
1073 2078 1097 2148 ἀ
1119 2083 1277 2149 θεσπέσιε

235 2187 290 2252 καί
308 2184 473 2271 Ὀλύμπιε
495 2186 664 2265 Μένιππε,
693 2184 850 2275 γεννητὸς
872 2183 972 2261 αὐτὸς
993 2187 1046 2252 καὶ
1069 2187 1208 2274 ἐπίγειος
1231 2185 1276 2252 ἀν

237 2290 388 2358 ἀπιστεῖν
427 2290 594 2378 δυναίμην
632 2288 836 2378 ὑπερνεφέλῳ
877 2290 971 2377 ἀνδρὶ
1011 2291 1064 2356 καλ
1105 2297 1158 2357 ἵνα
1198 2291 1272 2357 καθ’

230 2398 386 2482 ’Ὁμηρον
420 2397 500 2462 εἴπω
534 2401 599 2461 των
626 2393 846 2481 Οὐρανιώνων
880 2396 950 2473 ἑνίς
984 2392 1046 2461 ἀλλ’
1079 2392 1182 2461 ἐκεῖνά
1214 2420 1275 2481 μοι

236 2497 377 2585 φράσον,
410 2502 440 2565 εἰ
466 2500 569 2578 δοκεῖ,
602 2498 676 2566 τίνα
698 2496 825 2586 τρόπον
846 2497 956 2588 ᾔρθης
979 2498 1046 2566 ἀνω
1069 2499 1122 2566 καλ
1145 2496 1275 2567 ὑπάθεν

237 2601 377 2690 ἐπορίσω
405 2601 544 2690 κλίμακα
573 2601 768 2689 τηλικαύτην
789 2601 828 2670 τὸ
857 2604 1004 2693 μέγεθος
1011 2632 1024 2685 ,·
1052 2602 1094 2671 τά
1123 2608 1186 2691 μέν
1213 2602 1275 2693 γάρ

238 2705 324 2794 ἀμφὶ
345 2704 406 2793 την
430 2705 509 2792 ὄψιν
531 2706 574 2774 οὑ
594 2704 687 2775 πάνυ
708 2712 814 2782 ἔοικας
843 2707 952 2796 ἐκείνφ
974 2714 1017 2796 τῷ
1044 2709 1161 2797 Φρυγί,
1195 2710 1276 2775 ὥστε

236 2808 328 2896 ἡμᾶς
360 2807 493 2889 εἰκάζειν
526 2811 580 2877 καλ
614 2815 650 2878 οὑ
683 2808 919 2900 οἰνοχοήσοντά
959 2836 1029 2878 που
1062 2809 1275 2899 ἀνάρπαστον

237 2915 405 3003 γεγονέναι
426 2912 510 3002 πρὸς
531 2922 590 2981 τοῦ
615 2914 724 2982 ἀετοῦ.
751 2917 874 2983 ΜΕΝ.
902 2915 943 2983 σὺ
963 2920 1026 3002 μὲν
1043 2913 1145 2983 πάλαι
1168 2913 1277 2982 σκάπ-

237 3042 304 3085 των
326 3016 423 3103 δηλος
453 3017 497 3098 εἴ,
527 3020 582 3085 καί
610 3016 814 3105 θαυμαστὸν
835 3019 933 3085 οὐδέν
960 3023 993 3113 εί
1019 3045 1070 3088 σοι
1097 3018 1136 3087 τά
1166 3017 1277 3106 παρά-

240 3120 337 3197 δοξον
364 3129 427 3188 τοὺ
454 3119 554 3211 λύγου
581 3121 683 3211 μύθῳ
713 3123 801 3189 δοκεῖ
828 3125 1027 3211 προσφερές·
1065 3122 1148 3211 ἀτάρ
1180 3123 1278 3192 οὐδέν

240 3223 351 3310 ἐδέησέ
377 3251 439 3312 μοι
467 3225 551 3313 πρὸς
579 3224 642 3314 την
670 3226 794 3295 άνοδον
823 3227 900 3295 ούτε
928 3236 988 3314 τῆς
1017 3228 1173 3315 κλίμακος
1202 3226 1279 3295 οάτε

265 3404 267 3407 ⁸
310 3423 334 3473 2.
370 3415 467 3490 λέγειν]
487 3416 580 3474 λαλεῖν
597 3425 629 3475 Τ.
707 3417 738 3482 ἐξ
761 3418 883 3493 οὐρανοῦ
907 3426 978 3476 malo
1001 3426 1128 3477 delebant
1151 3427 1278 3477 Davisius

241 3510 274 3561 αδ
299 3511 357 3561 Cic.
382 3512 423 3561 De
448 3511 509 3561 Nat.
534 3511 617 3563 Deor.
642 3512 663 3574 1,
689 3509 722 3562 16
747 3529 772 3577 p.
797 3511 827 3562 41
858 3519 886 3563 ot
910 3514 1030 3565 (λούεται
1054 3515 1085 3564 V.
1110 3514 1141 3563 L.
1169 3530 1194 3578 p.
1214 3513 1275 3566 29⁷.

240 3598 361 3649 Βείῐιίοε
379 3614 443 3648 vero
454 3597 710 3663 Imaginesfissinit.
729 3599 799 3650 bene
819 3602 993 3665 comparavit.
1022 3616 1102 3666 quum
1121 3601 1185 3673 talis?
1201 3600 1277 3664 ploo-

241 3701 350 3735 ηειειιιοε
368 3701 431 3735 τετε
449 3686 573 3750 poeticus
591 3689 635 3743 sit,
669 3686 755 3736 frusta
772 3702 892 3751 agnosco
911 3689 1022 3738 senarii:
1049 3681 1195 3753 ,πάρεστιν
1211 3681 1279 3751 ἡμῖν

242 3765 375 3837 διοπετὴς
391 3765 422 3831 ἐξ
440 3766 584 3837 ούρανοῦ.ι
653 3768 713 3826 παῖε
728 3766 762 3823 ἀν
777 3768 989 3840 ίγωγεΒεΙὶαιιε.
1017 3773 1091 3827 libri:
1108 3769 1168 3826 παῖε
1185 3769 1278 3840 έγωγε.

312 3854 455 3923 θεσπέσιε]
472 3853 616 3925 θαυμάσιε
636 3859 657 3911 0
675 3860 741 3911 vitio
760 3865 864 3924 aperto.
938 3855 1076 3926 γεννητὸς]
1094 3862 1122 3911 in
1140 3861 1225 3926 praef.
1244 3860 1279 3911 ad

243 3948 403 4013 (λαικαστάς).
417 3946 506 3997 xxlx
523 3939 629 4008 θνητάς
646 3947 745 3997 frustra
763 3945 879 4010 conjeci,
898 3949 1020 4012 quamvis
1039 3948 1132 3999 eadem
1151 3948 1235 3999 verba
1251 3948 1280 3998 in

243 4034 277 4083 D.
296 4034 331 4083 D·
351 4034 411 4092 XX,
432 4034 447 4086 7
465 4032 599 4099 legantur.
637 4035 717 4085 immo
742 4034 811 4084 haec
834 4048 942 4099 quoque
966 4035 1052 4085 frusta
1080 4034 1206 4086 videntur
1232 4035 1278 4084 tri-

243 4122 336 4171 metri:
346 4114 485 4188 ,γεννηεδι
504 4113 586 4175 αὑτὸς
602 4114 745 4188 κάπίγειος
755 4113 793 4170 ὢν
803 4113 917 4185 [εἰνήρλ.ι
989 4114 1183 4187 Οὖρανισίνων]
1194 4114 1279 4184 τάρε-

241 4204 312 4256 νίιον
328 4206 405 4258 Φλία.
487 4200 558 4257 ἀίοτι
581 4201 656 4272 ἡμᾶς
679 4223 704 4258 a.
743 4200 813 4257 α’ίστε
835 4209 883 4257 καὶ
906 4201 981 4272 ἡμᾶς
1003 4206 1051 4257 ΦΩ
1075 4214 1144 4259 etv.
1223 4199 1278 4271 ἤδη

243 4288 299 4357 καὶ]
323 4296 370 4343 καὶ
395 4309 438 4345 om
463 4293 495 4344 G.
531 4294 614 4345 habet
637 4296 684 4343 καὶ
704 4294 730 4342 Φ
753 4299 783 4345 ut
800 4311 826 4344 v.
917 4289 987 4359 ὑπὲρ
1011 4290 1063 4345 τὸν
1086 4287 1221 4345 δαίδαλον
1245 4292 1279 4341 Φ.

242 4374 312 4448 ὑπέρ
332 4373 417 4430 αὑτὸν
435 4372 578 4430 Δαίδαλον
594 4396 620 4431 v.
691 4373 747 4430 ἀπο
766 4397 791 4432 ε.
828 4374 884 4430 ἀπὸ
902 4395 928 4431 v.
