3022 5168
267 430 271 437 .
299 357 347 428 88
705 391 934 441 Ασοιςιεεεον

297 557 498 625 συνεδείπνει
519 557 596 643 μεθ’
621 556 728 643 ἡμῶν.
758 561 856 626 ΦΙΛ.
881 560 1037 628 Διονίκου
1058 561 1120 647 ἔφη
1137 570 1198 628 τοῦ
1220 566 1335 648 ἰατροῦ

297 661 445 729 ἀκοῦσαι.
487 660 636 737 Διόνικος
666 662 702 729 δὲ
724 661 823 738 αὐτὸς
846 662 940 750 οἶμαι
965 672 1032 730 τῶν
1054 666 1256 733 συνδείπνων
1275 663 1330 752 ἦν.

295 766 408 832 ΛΥΚ.
444 767 497 831 ιιοί
530 764 651 851 perito*
686 764 723 831 ου’
758 764 828 852 μην
862 772 893 843 ἐξ
926 766 1024 857 ἀρχῆς
1055 795 1093 858 γε
1124 769 1196 836 οὐδ’
1233 768 1334 845 αὐτὸς

296 871 401 936 ι’ίπσσι
427 871 634 958 παρεγίνετο,
665 868 744 934 ἀλλὰ
772 870 835 953 ὀψε
856 870 1024 956 μεσούσης
1052 870 1163 961 σχεδὸν
1185 871 1250 959 ἤδη
1271 882 1333 958 τῆς

165 984 170 1003 ’
226 990 278 1045 419
295 972 403 1063 μάχης
425 975 542 1058 ἐπέστη
567 973 674 1062 ὀλίγον
696 971 761 1057 πρὸ
783 981 846 1039 τῶν
868 973 1076 1060 τραυμάτων.
1102 977 1184 1042 ὥστε
1202 981 1224 1018 ⁴*
1241 986 1333 1042 θαυ-

295 1075 400 1165 μάζω,
433 1079 464 1142 εί
487 1102 519 1142 τι
549 1082 649 1162 σαφὲς
676 1080 779 1142 εἰπεῖν
801 1075 937 1144 &divorso
959 1076 1008 1163 ριῆ
1031 1079 1333 1164 παρακολουθήσας

296 1180 443 1259 ἐκείνοις,
475 1178 526 1266 ἀφ’
553 1174 597 1246 ὧν
620 1178 784 1267 ἀρξαμένη
807 1186 840 1255 ἐς
868 1178 906 1247 τὸ
930 1178 1014 1267 eipso
1043 1181 1248 1268 ἐτελεύτησεν
1270 1182 1332 1249 αὖ·

295 1440 329 1493 τὰ
349 1438 468 1502 δεῖπναῆ
493 1443 527 1497 nt
543 1443 618 1497 recte
631 1441 742 1511 judicat
758 1442 919 1499 Athenaeus
936 1444 963 1498 Π
979 1462 1005 1514 p.
1026 1444 1060 1498 55
1077 1443 1117 1499 D:
1140 1446 1216 1514 qnod
1233 1445 1331 1500 drama

294 1530 456 1593 Decianum,
483 1530 532 1598 qni
548 1528 737 1598 Lycophronis
759 1529 888 1584 tenebras
911 1531 942 1586 in
959 1529 1071 1598 lexiph.
1089 1529 1106 1596 ἕ
1123 1531 1158 1585 25
1174 1532 1245 1597 risit,
1272 1531 1330 1587 for·

294 1619 367 1674 tasse
383 1616 477 1671 latuit.
512 1615 560 1672 sed
577 1605 697 1684 Lycinna
715 1610 744 1683 (i
759 1632 784 1671 e.
798 1613 948 1685 Lucienus)
966 1618 1125 1673 convivium
1142 1617 1330 1673 enarratPiri·

294 1703 361 1770 loni,
379 1703 427 1771 qui
444 1704 473 1756 et
489 1702 535 1756 hic
551 1700 567 1768 t
585 1702 620 1757 48
637 1704 666 1777 et
683 1702 724 1758 De
741 1701 850 1759 Conscr,
870 1703 940 1759 Hist.
959 1703 975 1769 θ
993 1706 1010 1759 8
1028 1704 1081 1760 hoc
1098 1705 1194 1761 modo:
1223 1693 1245 1753 σί
1264 1699 1329 1755 καλὲ

295 1786 388 1840 Φίλων
404 1788 563 1859 adpellatus
580 1790 628 1843 est.
664 1791 739 1843 recte
756 1790 845 1859 igitur
862 1790 980 1846 Solones
1008 1791 1044 1846 ad
1062 1791 1174 1846 Conriv.
1192 1789 1236 1856 §1
1256 1790 1330 1844 hunc

293 1875 438 1931 Philonem
455 1874 530 1928 haud
547 1874 632 1928 dubie
650 1874 767 1929 eundem
784 1893 842 1931 esse
858 1878 978 1942 censuit,
1005 1877 1050 1932 cui
1072 1878 1144 1933 liber
1167 1877 1202 1931 de
1218 1892 1330 1945 compo·

293 1963 385 2017 nenda
402 1961 521 2018 historia
542 1961 691 2030 inscriptus
709 1964 758 2016 cst.
793 1965 823 2016 et
839 1964 951 2033 praeter
967 1964 1176 2035 inscriptionem
1193 1966 1270 2018 totus
1283 1962 1329 2017 hic

293 2049 421 2117 dialogus
438 2050 603 2118 argrrmento
620 2050 670 2111 est,
694 2065 751 2103 non
767 2049 860 2103 fictam
878 2065 937 2104 rem
954 2050 1081 2115 decenti,
1104 2050 1151 2106 sed
1168 2053 1201 2105 ut
1217 2050 1255 2106 ab
1271 2049 1329 2104 Ηο·

293 2137 367 2192 ratio
384 2136 415 2191 in
432 2133 517 2190 Serm.
535 2135 571 2200 Π,
589 2134 607 2189 8
627 2151 723 2189 veram
739 2135 892 2201 Nasidieni,
917 2138 960 2191 ita
981 2136 1027 2192 hic
1044 2136 1213 2192 Aristaeneti
1234 2152 1329 2190 reram

293 2240 408 2279 coenam
438 2222 570 2277 enarrari.
618 2237 713 2276 rernm
740 2222 773 2275 ut
798 2222 836 2276 ab
861 2223 979 2279 Horatio
1005 2223 1172 2280 Maecenatis
1197 2222 1328 2279 convivae

293 2311 373 2366 nulla
388 2326 442 2364 vox
459 2309 638 2374 memoratur,
656 2308 698 2362 ite
706 2306 876 2363 hianciani
889 2310 1023 2366 convivae
1031 2309 1156 2379 dignitas
1172 2325 1229 2364 non
1236 2310 1328 2364 minus

293 2398 404 2453 servata
421 2398 463 2451 est
480 2396 619 2463 sapienter
635 2394 761 2460 tacentis,
779 2395 847 2449 dum
863 2395 913 2451 elii
921 2396 1078 2451 doctrinam
1090 2396 1220 2450 certatim
1236 2397 1327 2450 osten·

291 2485 357 2538 tant
373 2498 457 2552 seque
473 2480 592 2537 indoctis
614 2480 767 2550 propinant
789 2482 961 2539 deridendos.
996 2485 1058 2538 tum
1074 2482 1259 2552 Alciphronis,
1279 2482 1328 2551 qni

239 2608 243 2615 -
292 2569 396 2624 multos
421 2569 536 2623 Luciani
560 2567 686 2638 dialogos
712 2568 867 2634 evolverat,
902 2569 1030 2640 Epistola
1054 2569 1104 2633 111,
1131 2571 1165 2622 55
1191 2567 1327 2638 Symposii

292 2654 423 2710 Lucianei
447 2654 526 2724 qnasi
553 2654 646 2709 brevit
671 2654 849 2710 adumbratio
875 2656 1049 2722 continetur,
1081 2655 1124 2710 uti
1149 2654 1263 2724 Bergler
1290 2653 1327 2708 ad

292 2742 415 2811 eiciphr.
425 2759 452 2811 p.
461 2742 514 2795 404
527 2741 693 2797 observarit.
729 2741 774 2795 cni
791 2743 886 2796 tamen
904 2760 960 2799 non
968 2743 1096 2807 concedo,
1113 2758 1184 2811 qnae
1192 2740 1327 2808 Alciphro

291 2830 369 2884 intra
384 2828 497 2883 modum
515 2827 662 2883 consistere
675 2827 784 2897 jubeat,
811 2828 907 2884 eadem
930 2830 968 2883 ab
984 2828 1108 2883 Lucieno
1130 2827 1224 2882 omnia
1245 2825 1327 2882 valde

291 2915 456 2985 exaggerari
482 2914 653 2983 ‚plerumque
675 2931 760 2983 snpra
782 2912 880 2970 fidem.
915 2916 1000 2971 immo
1023 2915 1161 2984 plerisque
1188 2913 1218 2968 in
1244 2912 1326 2968 rebus

291 3005 387 3071 aperte
403 3001 539 3056 Lucienus
555 3002 637 3055 fidam
654 3004 789 3067 meretur,
813 3002 863 3070 qni
879 3004 914 3056 ut
930 3001 1043 3057 nomina
1059 3002 1204 3055 hominum
1220 2999 1327 3067 partim

291 3090 401 3143 mutare
418 3088 529 3142 coactam
551 3089 600 3154 est,
627 3088 670 3143 ita
692 3089 841 3143 memoriae
868 3104 960 3143 errore
982 3087 1123 3143 interdum
1147 3086 1207 3142 labi
1224 3085 1325 3154 potnit,

291 3175 380 3230 aciens
396 3173 494 3229 fallere
511 3191 567 3229 non
583 3175 684 3243 potuit.
720 3174 791 3229 illud
810 3176 905 3229 tamen
918 3174 1010 3229 fateor
1024 3174 1151 3229 satiricos
1168 3174 1274 3228 vetares
1291 3170 1326 3224 de

291 3260 472 3332 philosophis,
499 3262 645 3328 questam
667 3262 766 3315 acerbe
784 3262 931 3330 castigant,
957 3260 1121 3329 plerumque
1135 3258 1262 3329 judicare
1279 3272 1326 3311 ne·

291 3346 409 3411 scivisse,
428 3347 471 3402 uti
488 3346 522 3399 de
531 3345 691 3401 Menedemo
701 3346 912 3417 Lycophronem
930 3350 959 3401 ct
976 3346 1101 3402 fortassis
1118 3347 1208 3415 ipsum
1218 3344 1325 3412 Menip-

290 3452 358 3503 pum
374 3433 409 3487 de
426 3431 557 3488 Arcesila.
592 3432 638 3488 vel
655 3434 685 3488 in
702 3435 797 3489 nostro
815 3434 943 3489 convivio
958 3432 1133 3488 Zenothemis
1149 3432 1253 3487 stoicus
1264 3430 1326 3500 jam

290 3522 409 3591 adpotus
424 3518 553 3575 liosllnm
577 3537 657 3574 sunm
673 3520 782 3590 legerat
798 3520 924 3575 fortassis
940 3519 1022 3575 illum
1038 3518 1195 3590 egregium,
1219 3534 1253 3572 ex
1270 3533 1325 3586 quo

289 3610 351 3664 toto
369 3608 505 3663 Lucienus
528 3604 544 3671 θ
563 3607 595 3661 17
614 3607 659 3662 fin.
685 3606 739 3661 hoc
763 3623 851 3660 unum
873 3607 1053 3669 meminerat,
1079 3605 1169 3660 literis
1191 3603 1325 3672 scriptum

290 3695 374 3751 fnisse
390 3694 511 3751 minutis.
547 3694 623 3762 qnid,
647 3692 722 3762 qnod
739 3692 877 3748 Lucienus
898 3694 928 3747 in
946 3692 1020 3747 libro
1038 3687 1236 3756 ,Δημώνακτος
1252 3690 1323 3757 βίσει

252 3772 266 3797 ⁶
290 3797 325 3836 ne
341 3781 377 3836 de
395 3781 562 3837 Demonacte
581 3780 694 3848 quidem
710 3777 877 3849 philosopho
895 3780 924 3832 et
941 3794 973 3833 σο
991 3780 1081 3834 amico
1097 3793 1148 3833 sno
1165 3777 1234 3833 satis
1250 3780 1325 3832 recte

286 3866 414 3935 judicare
430 3866 519 3931 scirit,
536 3865 580 3920 nti
597 3883 685 3936 nuper
700 3865 752 3933 (De
769 3864 933 3936 fragmentis
943 3864 1154 3932 Demonactiap.
1164 3860 1193 3932 8)
1211 3864 1325 3918 demon·

289 3953 390 4007 strasse
407 3952 510 4007 videor.

360 4038 384 4092 1.
421 4038 546 4088 ΦΙΛΩΝ
565 4039 636 4089 ΚΑΙ
657 4039 832 4090 Amne)
851 4039 1009 4107 praefigunt
1026 4037 1097 4102 edd,
1123 4037 1172 4092 sed
1196 4054 1240 4092 om
1258 4035 1322 4091 AA-

360 4122 503 4188 omem]
521 4125 748 4192 personasomA,
818 4120 914 4192 λόγους
932 4121 1204 4191 φιλοσόφονσῙλΑΛ.
1242 4115 1324 4187 φιλο·

290 4207 393 4276 νόσους
410 4206 506 4277 tirone
522 4211 547 4259 Ω
563 4212 593 4265 et
610 4228 636 4267 v.
707 4209 826 4279 σμικρὰν
842 4212 922 4266 Arm
939 4213 969 4266 et
985 4228 1011 4267 v.
1048 4206 1186 4279 μικρλνί)
1198 4206 1325 4263 fortassis

288 4300 370 4354 recte
404 4296 468 4354 vide
485 4294 501 4362 fl
517 4297 535 4349 ὅ
551 4297 599 4352 fin.
667 4294 843 4365 τραυμάτων]
860 4293 1075 4366 πραγμάτωνλ).
1148 4289 1179 4345 δὲ
1198 4290 1321 4349 stated»
