3050 5160
235 274 303 330 vm

237 432 414 495 eorreetore
434 426 565 511 antiqno
586 425 708 513 scripta
729 444 810 511 esse,
843 444 884 492 ex
910 423 1024 508 quibus
1052 422 1086 492 iu
1108 428 1129 507 θ
1154 428 1194 492 12
1221 425 1276 493 in

235 546 323 634 βόην
352 568 448 614 unum
481 554 530 614 est
565 545 704 614 maxime
736 543 878 625 euidens.
934 545 1111 613 Lueienum
1143 546 1227 614 enim
1255 568 1278 613 a

237 674 414 737 eorreotore
441 666 579 754 quodam
608 666 717 734 dedite
745 687 845 754 opera
871 668 1062 735 recensitum
1082 666 1184 735 videri
1210 666 1277 736 Sie

237 790 419 858 monsenius
445 790 480 858 in
508 788 651 868 Quaestt
679 788 811 856 Lueian.
837 810 870 876 p.
895 791 913 855 7
936 788 1014 855 mihi
1042 787 1196 857 &senem
1218 796 1276 858 esa

236 913 427 996 Plerumque
452 918 559 978 autem
581 911 614 977 in
636 909 770 997 singulis
791 909 909 977 libellis
930 909 1076 997 augure
1102 910 1277 979 seriharum

238 1030 373 1099 mendae
399 1030 556 1098 dominari
586 1040 619 1099 et
639 1032 731 1117 quusi
752 1050 887 1117 regnare
912 1029 1069 1118 videntur,
1101 1039 1137 1098 ut
1165 1031 1200 1099 iu
1221 1032 1279 1099 illa

239 1159 348 1221 satura
369 1154 421 1220 eui
442 1172 557 1221 nomeu
579 1160 628 1220 est
648 1152 777 1220 ΖΕΥΣ
790 1151 1077 1221 ΤΡΑΙΏΙΔΟΣ
1093 1153 1191 1241 plena
1205 1160 1279 1222 sunt

238 1275 346 1342 omnia
362 1274 572 1362 glossematis.
614 1272 680 1341 Sed
698 1279 823 1362 tempus
840 1280 889 1340 est
912 1272 955 1341 ad
971 1274 1194 1361 gravissimum
1215 1275 1277 1341 Lu

239 1397 324 1465 eleni
353 1397 467 1464 librum
497 1394 666 1481 aeeedere,
697 1395 751 1480 qui
773 1394 889 1463 dieitur
909 1394 1215 1463 ΕῬΜΟΤΙΜΟΣ
1240 1395 1284 1461 Η

239 1517 367 1587 ΠΕΡΙ
384 1515 658 1585 ΑΙΡΕΣΕΩΝ.
709 1516 772 1584 Hie
792 1516 922 1602 quidem
943 1516 1072 1604 saepius
1092 1516 1171 1585 milri
1191 1516 1278 1603 iuge

238 1639 434 1707 miscendum
450 1645 519 1708 eret
535 1637 754 1706 Hemsterlrusi
770 1657 906 1707 aeumeu
923 1644 956 1705 et
973 1637 1149 1706 doetriuam
1163 1638 1279 1705 frusua

239 1760 442 1828 desideranti.
486 1761 570 1828 Nam
591 1761 632 1846 ei,
656 1759 711 1845 qni
731 1759 969 1828 Hemsterhusio
991 1757 1161 1828 suoeedere
1182 1776 1279 1827 ausus

240 1888 298 1969 est,
329 1881 359 1948 J.
384 1882 421 1948 R
445 1882 567 1951 Reimio
588 1881 669 1948 nihil
696 1879 868 1948 admodum
896 1881 996 1949 auxili
1018 1882 1156 1949 tulerunt
1175 1900 1280 1966 neque

240 2003 367 2072 eodiees
388 2024 468 2088 quos
489 2024 620 2090 perraro
641 2003 828 2071 memoravit
848 2002 1032 2071 Bourdeloti
1055 2002 1119 2091 (Z),
1148 2003 1182 2068 in
1204 2021 1279 2087 quo

240 2145 309 2193 rum
338 2145 468 2193 numero
496 2124 556 2191 fuit
582 2125 705 2211 Anglus
727 2125 794 2211 (R),
827 2137 930 2209 neque
959 2124 1119 2193 erebriora
1145 2124 1282 2211 Longoli

241 2254 391 2335 exeerpta
414 2248 471 2333 (U)
494 2245 664 2331 inquibus
686 2245 853 2314 manifesto
874 2246 982 2314 insunt
1003 2246 1100 2313 etiem
1121 2245 1279 2331 eoujeotu-

240 2391 305 2456 rue,
327 2389 432 2455 neque
452 2368 560 2456 paullo
587 2367 814 2452 frequentiores
836 2367 956 2435 eodieis
976 2366 1049 2434 Poli
1068 2367 1126 2453 (T)
1149 2367 1280 2454 seriptu-

240 2512 306 2577 rae,
336 2491 396 2558 etsi
425 2488 527 2557 eodan
553 2488 609 2555 ille
635 2487 737 2557 bonus
764 2489 863 2558 fuisse
890 2486 1025 2575 videtur,
1057 2508 1118 2556 nse
1144 2486 1281 2573 denique

241 2614 312 2699 ipse
346 2611 446 2678 eodex
479 2610 694 2696 Greevianus,
732 2629 772 2677 ex
801 2630 864 2695 quo
898 2629 1000 2698 nuper
1026 2609 1154 2678 demum
1182 2611 1282 2677 multa

241 2732 372 2820 protulit
394 2732 571 2801 Jaeobitins
593 2730 644 2798 eui
666 2731 797 2800 Graevii
810 2732 1000 2800 -eonlatione
1022 2732 1068 2798 uti
1089 2730 1187 2798 lienit
1231 2732 1282 2798 Ita

242 2853 444 2943 ‚,vulgatam“
466 2853 500 2921 in
514 2853 681 2921 Beituiana
695 2872 852 2938 nusquam
868 2852 936 2921 iere
953 2859 1127 2921 uomentem
1144 2851 1279 2937 videres,

242 2977 304 3043 nisi
333 2975 443 3042 Solani
475 2973 639 3041 adnotatio
673 2975 794 3042 inserta
829 2980 922 3043 esset.
976 2974 1058 3041 Nam
1094 2973 1137 3041 ab
1159 2952 1282 3041 'Solane

243 3116 341 3183 saepe
359 3097 521 3184 inspeetm
542 3101 592 3163 est
613 3096 747 3163 eximius
769 3094 871 3163 sodex
891 3101 924 3162 et
945 3096 1079 3164 caeteris
1100 3096 1134 3164 in
1151 3095 1281 3164 Hermo

242 3219 320 3284 timo
342 3217 462 3303 melior,
490 3217 670 3284 Mmeianus
691 3217 760 3285 sive
783 3216 1041 3304 wittimirum).
1092 3216 1281 3301 Quanquam

242 3340 379 3407 &lanus
408 3340 475 3426 (sp.
507 3337 661 3406 Reitnium
680 3338 819 3406 Praeiat
844 3339 861 3403 I
888 3360 920 3426 ru
949 3339 1042 3424 XVI)
1062 3338 1134 3426 ipse
1154 3337 1282 3406 demon·

243 3461 355 3529 amavit
381 3480 417 3528 se
446 3458 479 3525 in
506 3459 701 3527 Hermotimo
729 3466 840 3546 utpute
867 3459 1070 3528 festinantem
1092 3480 1132 3527 ea
1159 3466 1282 3527 tautum

242 3585 314 3651 lues
336 3581 542 3667 eonsuluisse‚
563 3600 646 3664 quae
667 3581 728 3648 sibi
746 3582 907 3667 negotium
922 3581 1159 3650 iaoessivissent
1179 3600 1283 3667 neque

243 3705 327 3772 hune
348 3704 512 3791 dialogum
532 3703 575 3770 ab
596 3724 633 3772 ue
655 3702 788 3771 eonierri
811 3702 970 3789 integrum
990 3703 1142 3791 potuisse.
1186 3700 1283 3781 Quid·

244 3847 318 3893 nam
341 3826 502 3894 Marciano
532 3825 643 3895 oodiee
670 3825 725 3914 (Ε)
753 3831 868 3914 postea
898 3825 1017 3892 fastum
1045 3825 1095 3910 sit,
1127 3824 1281 3891 naseitur:

244 3946 305 4013 hoe
334 3953 456 4013 tantum
477 3948 554 4033 seio,
587 3948 677 4015 illum
704 3948 746 4014 ab
774 3948 839 4015 alio
860 3947 1023 4015 Mmoieno
1052 3966 1103 4014 no.
1125 3947 1191 4013 434
1214 3944 1282 4032 (ll)

200 4100 205 4109 ·
244 4069 299 4152 qui
318 4067 489 4135 etiamnum
499 4067 643 4136 Venetiis
658 4068 843 4137 estdifferre
859 4070 952 4154 eique
961 4074 1134 4155 praestare.
1166 4068 1284 4135 Postea

243 4188 398 4256 aBeliuo
418 4189 555 4277 inspecti
575 4196 649 4258 sunt
669 4188 732 4258 duo
754 4189 881 4259 coninua
894 4189 1032 4260 Parisini
1053 4210 1104 4258 no.
1120 4190 1205 4257 3011
1227 4188 1283 4275 (C)
