3086 5154
1220 407 1288 463 XIII

250 580 412 650 Gadareni
452 592 560 652 satura
600 586 695 652 simili
734 594 899 673 repeteret,
941 590 991 655 cui
1026 589 1154 656 Νέκυια
1185 592 1288 659 iuerat

248 726 372 773 nomen.
406 707 500 772 dnm
521 729 595 794 pag.
611 710 670 773 188
693 707 780 775 dicta
801 708 959 793 quaedam
977 711 1080 779 sciens
1096 713 1187 779 omisi
1204 734 1286 797 qnae
1359 780 1365 793 ,

248 832 332 896 5515
353 831 541 897 Demonacti
570 830 756 915 tribuuntur,
786 831 930 917 inprimis
959 833 1000 898 ab
1029 834 1194 919 Apostolio
1216 835 1285 919 VII,
1360 832 1363 835 ’

253 954 292 1017 16
319 974 395 1037 gp,
424 952 488 1017 399
520 971 635 1037 gnome
675 971 758 1035 quae
798 972 910 1018 revera
941 952 1000 1019 init
1040 953 1200 1039 Clitarcbi,
1243 956 1285 1021 ab

249 1071 360 1138 eodem
389 1073 414 1156 1,
445 1073 488 1137 60
509 1093 535 1137 c.
567 1094 599 1158 p.
628 1072 693 1136 256
725 1093 840 1158 gnome
873 1073 1065 1159 Demophili,
1098 1075 1140 1140 ab
1173 1074 1286 1141 eodem

247 1192 319 1276 XII,
344 1193 383 1258 87
403 1193 424 1259 b
442 1214 474 1278 p.
493 1193 558 1258 565
580 1194 737 1260 sententia
766 1195 922 1279 Isocratis,
952 1195 1090 1280 Epicteti
1119 1196 1285 1262 5111555-

248 1314 352 1380 cratis.
406 1314 514 1379 Nostri
546 1320 652 1380 tamen
691 1314 897 1381 Demonactis
937 1316 1002 1380 alia
1035 1337 1150 1400 gnome
1188 1318 1285 1383 fuisse

247 1433 372 1499 videtur
399 1433 486 1519 apud
513 1435 648 1501 eundem
677 1436 746 1520 vll,
779 1439 796 1502 7
825 1456 900 1522 ap.
927 1436 999 1501 396.
1058 1436 1122 1502 Sed
1150 1445 1285 1520 quatuor

247 1555 311 1620 5115
345 1554 432 1620 dieta
467 1575 563 1638 quum
592 1556 787 1622 Demonacte
816 1555 1007 1642 pbilosopbo
1036 1577 1094 1643 per
1123 1578 1158 1623 se
1185 1557 1284 1644 digna

247 1682 328 1760 sunt
351 1682 417 1740 tum
439 1675 511 1741 buic
534 1677 593 1741 soli
614 1675 844 1762 adscribuntur,
867 1696 949 1759 qnae
971 1678 1009 1741 A.
1024 1677 1284 1744 Westermannus

246 1816 334 1861 meus
374 1796 437 1879 (De
466 1796 637 1881 Florilegio
672 1798 831 1883 Lipsiensi
861 1800 936 1884 p.4
962 1806 994 1863 et
1023 1820 1054 1884 p.
1076 1801 1128 1883 12)
1160 1820 1179 1865 e
1214 1799 1282 1866 cod.

247 1916 383 2004 quodam
431 1917 713 1984 Tiscbendorfiano
756 1920 935 2004 nuperrime
983 1919 1092 1985 edidit.
1157 1920 1283 1986 Deinde

246 2061 277 2125 p.
299 2040 363 2103 238
396 2039 521 2123 fugerat
552 2029 603 2105 me
643 2037 806 2106 adnotatio
842 2040 880 2106 G.
915 2040 1072 2106 Dindorfii
1108 2041 1151 2107 ad
1184 2042 1282 2127 Soph.

244 2161 293 2226 El.
326 2184 358 2247 p.
384 2163 444 2227 182
489 2162 539 2228 55.
572 2162 679 2229 Oxon:
721 2161 931 2245 ‚scribendum
972 2161 1171 2245 παλίρρυτον
1211 2183 1282 2227 555

244 2281 379 2350 Botbio.‘
426 2284 573 2367 Denique
601 2281 686 2366 quod
714 2289 840 2370 praeter
868 2282 1105 2349 adnotationem
1141 2283 1281 2349 criticam

244 2405 377 2470 Luciani
416 2404 605 2471 inlustrandi
650 2425 747 2471 55555
792 2405 857 2470 5115
902 2403 1058 2487 quaedam
1100 2404 1211 2489 scripsi
1251 2409 1283 2467 et
1398 2498 1403 2509 Ι

244 2527 376 2592 seorsim
405 2525 500 2611 edidi,
535 2533 570 2591 ut
605 2524 655 2611 ,de
685 2525 891 2612 scriptoribus
920 2525 1064 2591 satiricis‘
1106 2523 1282 2611 specimina

244 2647 391 2731 quinque,
414 2667 510 2712 5555
540 2646 590 2732 ,de
612 2647 745 2713 aniani
767 2646 928 2731 Sostrato‘,
958 2646 1121 2732 complura
1143 2644 1193 2730 ,de
1215 2645 1281 2711 dia-

243 2767 325 2853 logis
364 2767 567 2834 subditiciis‘:
610 2768 818 2834 Friderici
863 2767 1061 2833 Ritsebeli
1101 2767 1136 2831 in
1175 2786 1215 2831 ea
1246 2786 1281 2831 re

244 2889 423 2975 exemplum
445 2894 572 2955 secutus
594 2909 672 2975 sum,
696 2890 750 2974 qui
772 2890 821 2956 vir
842 2909 906 2955 555
927 2889 1029 2955 55155
1050 2887 1165 2952 multas
1176 2885 1281 2951 Plauti

244 3010 293 3074 sui
306 3009 431 3076 fabulas
447 3012 612 3096 praeclare
630 3010 796 3095 recensuit,
813 3029 922 3075 rernm
933 3008 1029 3074 etiam
1041 3008 1281 3094 ,Prolegomena

242 3128 285 3199 ad
324 3130 551 3197 Trinummum‘
592 3137 624 3196 et
661 3132 775 3196 librum
813 3131 888 3195 item
928 3130 1090 3216 egregium
1131 3129 1280 3214 ,Parerga

244 3249 400 3317 Plautina‘
433 3252 467 3317 in
499 3253 602 3318 lucem
636 3251 744 3317 edidit.
799 3249 900 3328 Quem
919 3251 960 3331 si
993 3252 1097 3316 minus
1130 3249 1280 3331 consequi

242 3371 411 3457 potuimus,
447 3378 481 3438 at
514 3373 611 3438 talem
639 3372 742 3437 virum
772 3371 861 3454 sequi
895 3371 986 3437 nobis
1021 3370 1186 3437 honesturn
1221 3375 1279 3439 est,

242 3490 325 3557 Nam
347 3490 564 3559 Friderico
591 3491 825 3559 Ritsebelio
854 3498 1011 3558 tantorum
1042 3492 1194 3576 laborum,
1221 3509 1279 3576 per

242 3632 321 3696 quos
343 3612 383 3679 de
404 3613 503 3679 literis
525 3614 641 3680 nostris
662 3621 727 3681 tam
749 3613 864 3679 eximie
885 3614 1015 3679 meritus
1037 3619 1094 3698 est,
1124 3612 1194 3696 quis
1215 3632 1279 3677 non

242 3735 342 3802 laetos
371 3740 402 3800 et
431 3736 543 3802 uberes
571 3735 689 3802 fruetus
718 3741 856 3821 exoptet,
884 3754 988 3817 neque
1013 3735 1080 3799 ulla
1107 3732 1279 3798 acerbitate

241 3856 436 3941 permixtos?
465 3857 535 3940 quis
562 3877 626 3923 555
653 3862 719 3922 toto
741 3855 847 3922 animo
870 3861 966 3942 optet,
988 3861 1023 3921 ut
1044 3831 1278 3923 Fridericns

240 3976 492 4044 Ritsebelins
519 4000 593 4045 mox
621 3976 752 4063 Lipsiae
786 3973 1014 4043 Godofredi
1046 3972 1277 4058 Hermanni,

240 4094 500 4167 desideratissimi
529 4098 630 4166 critici
653 4095 845 4164 desiderium
871 4095 979 4183 leniat,
1006 4094 1147 4163 scholam
1174 4093 1278 4179 ipsam
