3046 5166
651 412 843 463 Νιννισοε.
881 468 887 475 ,
1218 383 1266 452 55

228 580 403 669 φιλτότων,
427 580 576 649 πλοότου
596 607 633 647 τε
653 583 707 647 καί
730 580 886 671 ἀργυρίου
906 581 960 647 καλ
983 578 1095 666 δόξης,
1127 581 1182 646 καί
1203 577 1270 666 μό-

228 711 291 753 νον
319 685 390 752 οὐκ·
411 684 569 773 ἐδάκρυον
599 684 647 753 ἐπ’
679 683 790 760 αὐτοῖς
824 687 1088 774 καθῃρημένοις,
1127 683 1201 771 ἀρτι
1235 684 1270 750 δὲ

228 797 334 858 ταῦτα
354 794 419 876 μέν
441 787 543 857 ἐδόκει
564 815 625 875 μοι
645 787 785 856 ταπεινά
807 791 861 855 καί
883 789 1116 880 καταγέλαστα·
1142 787 1270 879 ἔχαιρον

230 894 260 961 δ’
286 893 330 961 ἀν
353 895 459 980 ὥσπερ
482 899 516 960 ἐκ
539 898 675 979 ζοφεροῦ
699 918 788 969 τινος
810 892 906 979 ἀέρος
926 901 987 959 τοῦ
1007 893 1084 979 βίου
1104 901 1165 960 τοῦ
1185 890 1270 979 πρό-

231 1005 314 1066 σθεν
336 1003 368 1074 ἐς
391 999 525 1084 αἰθρίαν
547 999 657 1065 τεκαὶ
678 998 764 1085 μέγα
787 1006 854 1083 φῶς
877 997 1081 1083 ἀναβλέπων·
1111 998 1192 1064 ὥστε
1214 995 1267 1084 δη,

228 1100 267 1169 τό
288 1100 496 1181 καινότατον,
521 1106 613 1168 τοῦθ
629 1099 809 1189 ὀφθαλμοῦ
831 1104 895 1188 μέν
916 1103 971 1166 καλ
991 1106 1051 1185 τῆς
1071 1102 1147 1187 περί
1169 1099 1271 1168 αὐτόν
1287 1119 1322 1173 43

231 1205 407 1282 ἀσθενείας
428 1202 720 1292 ἐπελανθανόμην,
744 1203 808 1290 τήν
825 1206 861 1272 δέ
882 1204 990 1294 ψυχήν
1012 1203 1271 1291 ὀξυδερκέστερος

230 1308 312 1376 κατά
347 1307 466 1397 μικρόν
500 1306 689 1399 ἐγιγνόμην.
741 1307 908 1395 ἐλελήθειν
939 1308 1001 1397 γάρ
1044 1312 1123 1384 τέως
1167 1307 1270 1394 αὐτην

229 1411 484 1499 τυφλώττουσαν
504 1413 698 1499 νεκροφόρων.
742 1416 775 1479 5.
811 1410 938 1498 προϊδν
958 1413 994 1480 δέ
1016 1418 1049 1488 ἐς
1075 1409 1152 1479 τόδε
1178 1438 1271 1498 περι-

230 1515 352 1606 ήχθην,
391 1518 472 1603 ὅπερ
502 1515 619 1603 ἀρτίως
652 1514 735 1602 η’μῑν
765 1514 937 1592 ἐπεκάλεις.
983 1513 1105 1605 γαῦρός
1138 1541 1174 1582 τε
1208 1515 1270 1610 γάρ

230 1619 297 1687 ίιτεό
331 1629 391 1688 τοῦ
426 1619 528 1709 λόγου
559 1619 612 1685 καί
646 1616 809 1705 μετέωρός
845 1624 913 1707 εἰμι
948 1624 1003 1686 καί
1040 1622 1120 1696 ὅλως
1152 1618 1272 1707 μικρόν

232 1724 337 1792 οάκέτι
367 1723 465 1792 οὐδέν
487 1728 618 1811 ἐπινοῶ.
666 1723 750 1789 δοκῶ
771 1721 836 1813 γάρ
856 1748 917 1809 μοι
944 1721 1063 1810 ὅμοιόν
1084 1751 1116 1791 τι
1142 1748 1271 1791 πεπον-

230 1831 330 1895 θέναι
358 1827 442 1913 πρός
471 1826 677 1914 φιλοσοφίαν,
716 1824 787 1894 σίόν
815 1853 879 1915 περ
911 1832 966 1895 καί
1002 1834 1033 1894 οί
1057 1828 1158 1896 Ἰνδολ
1187 1827 1272 1915 πρός

230 1933 290 2000 τόν
318 1932 411 2000 οἶνον
439 1936 588 2021 λέγονται
616 1939 754 2011 παθεῖν,
787 1934 841 1999 ὅτε
869 1940 1002 2018 πρῶτον
1031 1933 1126 2000 όπιον
1153 1933 1267 2000 αὐτοῦ.

232 2035 429 2123 θερμότεροι
464 2035 526 2127 γάρ
564 2035 657 2110 ὄντες
692 2035 802 2122 φύσει,
848 2034 981 2113 πιόντες
1021 2036 1152 2127 ἰσχυρόν
1186 2039 1271 2104 οὕτω

231 2138 339 2207 ποτόν
361 2139 476 2207 αὐτίκα
498 2138 589 2225 μάλα
618 2138 895 2228 ἐξεβακχεύθησαν
917 2142 971 2208 καί
1001 2140 1176 2217 διπλασίως
1203 2139 1270 2207 ὑπό

165 2312 167 2315 ,
232 2251 290 2310 τοῦ
320 2242 463 2330 ἀκράτου
492 2242 706 2329 ἐξεμάνησαν.
748 2245 832 2310 οὕτω
862 2269 914 2311 σοι
941 2246 995 2325 καί
1026 2243 1125 2320 αὐτὸς
1153 2243 1272 2320 ένθεος

232 2349 286 2413 καί
314 2344 452 2432 μεθόων
481 2346 547 2415 ἀπό
576 2356 641 2415 τάν
670 2345 775 2436 λόγων
796 2349 1017 2437 περιέρχομαι.
1065 2352 1096 2415 6.
1130 2350 1269 2415 ΕΤΑΙ.

232 2452 286 2515 καί
320 2448 390 2536 μὴν
424 2448 523 2519 τοῦτό
557 2479 595 2541 γε
625 2451 665 2519 οὐ
694 2452 845 2541 μεθόειν,
885 2452 963 2518 ἀλλά
999 2450 1116 2539 νηφειν
1148 2479 1184 2519 τε
1218 2453 1272 2518 καλ

234 2569 414 2642 σωφρονεῖν
443 2561 540 2623 έστιν.
588 2554 648 2645 ἐγά
678 2556 713 2623 δέ
746 2558 929 2644 βουλοίμην
961 2557 1015 2637 ἀν,
1055 2561 1085 2623 εί
1117 2554 1188 2624 οἷόν
1221 2582 1268 2637 τε,

234 2658 342 2726 αὐτῶν
364 2659 502 2728 ἀκοῦσαι
530 2668 594 2726 τῶν
617 2657 731 2749 λόγων.
773 2659 850 2728 οόδέ
870 2661 933 2750 γὰρ
957 2660 1034 2728 οὐδὲ
1055 2674 1272 2750 καταφρονεῖν

234 2763 365 2854 [αὐτῶν]
389 2764 483 2852 οἶμαι
504 2765 620 2852 θέμις,
653 2763 753 2841 ἄλλως
775 2769 796 2809 ἐ
817 2767 929 2832 τεκαὶ
952 2770 981 2831 εἰ
1001 2764 1093 2852 φίλος
1122 2768 1174 2832 καί
1197 2766 1271 2853 περί
1288 2778 1323 2832 44

233 2972 354 3043 ποάμην]
373 2977 442 3031 haec
459 2994 505 3031 om
523 2972 556 3035 λλ.
628 2995 679 3042 μοι
695 2974 752 3029 τῶν
770 2972 910 3045 φιλτάτων
928 2994 974 3032 om
992 2977 1027 3026 Φ.
1104 2972 1207 3030 πλοντι
1224 2995 1271 3047 pm

234 3063 267 3121 Γ,
286 3077 330 3116 σεο
345 3056 467 3114 πλοότον
483 3081 523 3114 τε.
595 3059 684 3130 μόνον
702 3060 762 3133 οάκ]
780 3060 961 3129 μονονοίικΓ,
979 3080 1024 3132 γρ.
1040 3061 1272 3134 μονονοίιιιεσρη

235 3165 265 3202 re
287 3167 317 3203 m
338 3146 368 3215 Q„
445 3148 534 3200 ταῦτα
560 3148 622 3216 μέν]
648 3151 690 3206 ita
715 3151 830 3221 oonjeoi.
865 3150 994 3206 similiter
1019 3148 1208 3205 Lehmannus:
1236 3139 1272 3200 αδ

234 3232 323 3286 ταῦτα
344 3233 395 3301 μέν
412 3263 454 3287 -.
492 3235 559 3290 libri
577 3231 648 3287 αάτίι
671 3235 723 3303 μέν
736 3265 779 3289 --.
860 3236 973 3305 έγαιρον
997 3230 1024 3286 δ’
1051 3231 1085 3287 ἀν
1102 3231 1271 3302 ἩΩΟΦῩτσ.

235 3319 348 3389 έγαιρον
372 3317 399 3373 δ’
425 3317 499 3376 &B
517 3323 612 3391 etqui
630 3319 666 3373 αδ
681 3325 713 3384 Γ,
740 3322 852 3389 ἔχαιρον
877 3316 905 3373 δ’
932 3312 967 3373 αά
983 3341 1010 3377 v.
1089 3326 1157 3389 περὶ
1176 3316 1271 3391 αάτόν]

234 3412 301 3472 περὶ
316 3404 409 3460 νότιόν
423 3408 479 3463 abn
489 3405 518 3475 (n
535 3409 622 3464 etiam
639 3407 696 3461 τῶν
714 3405 874 3477 ὀφθαλμοῖν
887 3426 939 3478 pro
955 3407 1006 3461 τοῦ
1026 3404 1200 3476 ἀφθαλμσῦ).

236 3489 478 3561 ἐπελανθανόμην]
497 3489 679 3561 ἐπελαθόμην
698 3498 732 3546 Φ.
810 3493 984 3564 καταμικρόν
1000 3496 1062 3551 abc.

305 3583 330 3636 5.
367 3576 509 3637 ἐπεκάλεεν
531 3581 598 3636 libri
620 3598 722 3645 omnes,
748 3583 842 3637 nullus
861 3579 1005 3638 ἐνεκάλεις.
1042 3582 1106 3638 vide
1122 3584 1220 3637 nostra
1235 3583 1273 3637 ωδ

234 3663 304 3725 Tim
323 3668 438 3734 §14fln.
507 3665 611 3736 γαῦροι
627 3666 680 3736 γὰρ
700 3664 753 3718 ὑπό
774 3671 808 3719 Φ.
845 3667 950 3737 γάβροε
967 3663 1022 3736 (γρ.
1041 3663 1155 3735 γαῦρος)
1169 3667 1200 3734 Q.

234 3752 387 3825 γαῦρός-
406 3748 473 3822 εἰμι]
490 3742 593 3824 ’γαῦρόν
609 3773 639 3807 τε
657 3751 711 3824 γὰρ
735 3751 793 3822 είμι
816 3760 863 3806 καλ
884 3755 1025 3821 μετέωροι
1047 3750 1102 3805 ὑπὸ
1119 3752 1170 3804 τοά
1189 3750 1272 3823 λόγου

235 3837 270 3901 21.
349 3838 411 3895 οἷόν
427 3839 494 3911 περ]
517 3839 588 3909 όπερ
611 3843 646 3894 Ω.
683 3838 798 3911 οίονπερ
824 3838 878 3910 (γρ,
896 3835 980 3908 ὅπερ)
998 3838 1030 3906 Q.
1118 3835 1204 3897 σίτοις
1228 3858 1273 3893 σοι

238 3998 271 4051 Φ,
342 3996 443 4056 ένθεοε
459 3994 586 4058 Bw&
603 4001 632 4055 et
649 4017 675 4055 v.
712 3995 812 4054 ἔνθεοι
830 3998 919 4053 Mabo-
958 3943 1058 4052 ἐνθόόε
1074 3996 1106 4062 Q.

306 4151 331 4202 6.
368 4150 451 4204 τοῦτο
472 4102 504 4205 έέ
522 4153 552 4220 Q.
632 4150 667 4206 ἀν
689 4172 735 4210 σοι
751 4155 785 4205 Ω.
866 4152 933 4209 libri
955 4151 1146 4223 καταφρονεῖν
1170 4149 1271 4214 νότιόν,

237 4252 309 4305 quae
326 4254 399 4293 nune
415 4238 519 4295 collato
536 4240 745 4299 Hemsterhunio
763 4241 805 4297 ita
821 4240 951 4296 emendo:
976 4239 1166 4307 καταφρονεῖν
1181 4236 1273 4295 τινῶν.

237 4322 301 4379 vide
317 4339 402 4396 nupta
423 4340 446 4380 ο.
466 4324 496 4380 l:
523 4320 560 4381 ἀι
576 4323 675 4393 σεμνόν
689 4321 758 4394 ἡμῖν
775 4352 810 4367 -
827 4321 860 4377 οό
882 4325 976 4378 τοίνυν
991 4319 1180 4395 προσβλέπειν
1201 4320 1275 4393 ἡμεῖς
