3086 5154
295 425 344 498 26
701 456 929 509 Λουπικυου

293 625 402 717 ἀγνοῶ
423 630 499 713 μὲν,
536 621 560 693 ὦ
588 625 705 713 ἀνδρες
732 627 890 707 δικασταί,
926 626 970 704 ὡς
998 626 1082 715 πρὸς
1113 626 1332 717 εὐπρόσωπόν

294 757 355 820 μοι
376 728 440 816 τήν
461 730 627 798 ἀντίδικον
649 729 667 798 ό
690 729 785 821 λόγος
807 736 908 812 ἔσται,
942 731 1020 799 ἀλλά
1049 733 1102 800 καλ
1129 733 1227 821 ὑμῶν
1254 731 1332 808 τοδς

293 835 435 911 πολλοὺς
463 834 527 922 ὁρῶ
555 834 640 922 πρός
665 838 731 922 μέν
759 836 886 922 έκείνην
907 835 1161 924 ἀποβλέποντας
1182 839 1237 905 καλ
1256 863 1331 925 μει-

294 940 431 1016 διιῖντας
451 938 535 1027 πρὸς
557 938 674 1025 αὐτήν,
706 943 792 1027 ἐμοῦ
819 942 855 1008 δὲ
883 950 1189 1029 καταφρονοῦντας,
1225 944 1275 1009 ότι
1296 947 1330 1007 ἐν

291 1052 354 1135 χρῷ
375 1046 534 1133 κέκαρμαι
552 1045 606 1111 καλ
624 1042 817 1132 ἀρρενωπόν
831 1047 941 1132 βλέπω
959 1048 1013 1113 καλ
1033 1043 1212 1134 σκυθρωπή
1232 1046 1328 1113 δοκῶ·

297 1150 386 1237 ὅμως
408 1148 454 1229 δὲ,
484 1149 530 1235 ἢν
558 1146 737 1235 ἐθελήσητε
766 1148 906 1218 ἀκοῦσαί
924 1175 995 1238 μου
1015 1149 1183 1240 λεγοόσης,
1216 1141 1330 1236 θαρρῶ

293 1252 380 1321 πολδ
401 1251 584 1341 δικαιότερα
605 1250 728 1340 ταύτης
749 1257 844 1340 ἐρεῖν.
868 1263 967 1323 τοῦτο
988 1254 1051 1346 γάρ
1067 1282 1119 1324 τοι
1134 1256 1189 1322 καλ
1207 1253 1245 1323 τὰ
1263 1281 1331 1322 πα-

292 1358 353 1446 ρὸν
374 1357 517 1449 ἔγκλημά
541 1364 638 1440 ἐστιν,
675 1360 725 1427 ὅτι
753 1361 855 1435 οὕτως
885 1367 1047 1447 ἑταιρικῶς
1074 1361 1329 1447 ένεσκευασμένη

223 1482 274 1535 815
291 1471 335 1554 τῷ
368 1468 523 1554 ἐπαγωγῷ
555 1472 615 1550 τής
647 1461 753 1549 ὄφεως
782 1467 803 1506 ⁴*
832 1462 973 1552 ἐραστήν
1001 1463 1093 1551 ἐμόν,
1124 1464 1230 1552 ἀνδρα
1256 1462 1331 1533 τότε

294 1566 448 1656 σώφρονα
475 1566 538 1636 τόν
559 1567 736 1637 Διονύσιον
759 1569 963 1656 φενακίσασα
989 1567 1073 1656 πρδς
1095 1567 1218 1656 ἑαυτήν
1238 1594 1331 1656 περι-

291 1675 447 1741 έσπασεν.
483 1674 537 1739 καλ
564 1675 607 1758 ήν
635 1700 673 1763 γε
703 1678 734 1741 αλ
762 1671 828 1760 πρὸ
857 1672 953 1761 όμιόν
985 1674 1078 1760 δίκην
1105 1673 1260 1742 ἐδίκασαν
1288 1680 1330 1762 τῇ

287 1776 490 1864 Ἀκαδημείᾳ
511 1779 564 1842 καλ
586 1785 627 1866 τῇ
653 1780 772 1868 Μέθη,
806 1776 928 1866 ἀδελφή
956 1786 1016 1865 τής
1045 1775 1217 1865 παρούσης
1241 1776 1329 1863 δίκης

291 1881 390 1949 ἐστίν.
416 1878 592 1960 ἐξετάζεται
611 1880 673 1971 γάρ
697 1888 733 1949 έν
752 1890 796 1972 τῷ
819 1879 971 1969 παρόντι,
997 1879 1121 1969 πότερα
1142 1883 1256 1973 χοίρων
1280 1881 1330 1947 δι’-

291 2009 352 2070 κην
381 1980 467 2052 κάτω
497 1982 685 2061 νενευκότας
713 1984 901 2072 ἡδομένους
929 1982 987 2076 χρή
1013 1987 1109 2073 βιοῦν
1137 1985 1245 2072 μηδὲν
1276 2011 1329 2054 σε-

290 2085 381 2176 μνόν
400 2088 490 2174 μηδὲ
510 2086 721 2178 μεγαλόφρον
742 2095 975 2169 ἐπινοοῦντας,
1010 2088 1033 2175 η’
1056 2094 1092 2156 έν
1114 2088 1249 2177 δευτέρω
1270 2096 1328 2156 τοῦ

291 2194 394 2268 καλῶς
415 2196 544 2284 ἔχοντος
564 2191 799 2283 ἡγησαμένους
814 2190 852 2261 τδ
871 2190 1014 2281 τερπνόν
1032 2194 1224 2279 ἐλευθέρους
1242 2195 1329 2259 ἐλευ-

290 2299 397 2385 θέρως
418 2302 617 2386 φιλοσοφεῖν,
647 2296 735 2383 μήτε
762 2296 800 2364 τδ
830 2295 979 2387 ἀλγεινόν
1002 2295 1046 2373 ὡς
1068 2296 1199 2386 ἄμαχον
1222 2293 1329 2363 δεδιό-

290 2429 365 2484 τας,
401 2402 487 2488 μήτε
513 2399 551 2469 τδ
581 2399 643 2487 ήδδ
673 2400 936 2489 ἀνδραποδωδῶς
963 2402 1247 2490 προαιρουμένους
1276 2401 1328 2466 καλ

290 2504 353 2592 τήν
375 2504 589 2593 εὐδαιμονίαν
602 2510 780 2591 ζητοῦντας
802 2512 837 2574 έν
855 2513 899 2593 τῷ
916 2507 1021 2593 μέλιτι
1039 2506 1093 2572 καλ
1114 2518 1185 2581 ταῖς
1209 2501 1324 2595 ἰσχάσι.

289 2618 427 2677 τοιαῦτα
454 2608 517 2699 γάρ
551 2612 633 2694 αὕτη
663 2608 797 2677 δελέατα
824 2623 893 2686 τοῖς
926 2607 1080 2696 ἀνοήτοις
1109 2607 1329 2696 προτείνουσα

289 2713 343 2780 καί
364 2715 662 2800 μορμολυττομένη
695 2721 739 2803 τῴ
768 2712 861 2803 πόνφ
893 2712 1096 2803 προσάγεται
1123 2713 1232 2781 αὐτῶν
1251 2711 1329 2789 τσδς

289 2815 446 2898 πολλοὺς,
488 2822 525 2886 ἐν
557 2816 606 2894 οἷς
641 2819 696 2885 καλ
724 2816 788 2885 τδν
819 2818 961 2886 δείλαιον
994 2824 1114 2886 έκεῖνον
1149 2815 1329 2905 ἀφηνιάσαι

289 2921 388 3011 ήμῶν
410 2922 557 3009 ἐποίησε,
582 2929 747 2991 νοσοῦντα
768 2920 959 3010 τηρήσασα·
996 2921 1033 2989 οδ
1064 2920 1127 3012 γάρ
1150 2920 1194 2989 ἀν
1222 2920 1328 3011 ὑγιαί-

289 3051 357 3094 νων
378 3030 461 3093 ποτὲ
483 3023 672 3113 προσήκατο
701 3025 780 3102 τοὺς
801 3024 892 3114 παρά
915 3023 1037 3114 ταότης
1058 3023 1187 3114 λόγους.
1223 3023 1328 3093 καίτοι

289 3130 323 3197 τί
343 3128 386 3197 ἀν
408 3133 505 3221 ἔγωγε
534 3129 755 3220 ἀγανακτοίην
783 3130 849 3198 κατ’
880 3131 997 3216 αὐτῆς,
1033 3132 1121 3197 ὅπου
1149 3128 1237 3216 μηδὲ
1262 3136 1329 3197 τῶν

289 3240 381 3301 θεῶν
409 3233 569 3320 φείδεται,
607 3232 684 3301 ἀλλά
713 3233 776 3321 τήν
804 3237 992 3322 ἐπιμέλειαν
1013 3233 1122 3302 αὐτῶν
1144 3232 1306 3321 διαβάλλει
1313 3261 1328 3316 3

221 3354 272 3410 816
290 3339 372 3406 ὥστε
401 3341 432 3405 εἰ
458 3353 661 3425 σωφρονεῖτε,
693 3340 747 3406 καλ
777 3344 798 3383 ⁸*
828 3340 977 3428 ἀσεβείας
1007 3339 1050 3408 ἀν
1077 3339 1171 3425 δίκην
1198 3337 1329 3426 λάβοιτε

289 3440 364 3530 παρ’
384 3441 497 3528 αὐτῆς.
522 3441 628 3511 ἀκοάω
643 3442 677 3511 δὲ
695 3448 793 3534 ἔγωγε
812 3444 854 3520 ὡς
872 3443 948 3511 οὐδὲ
968 3441 1050 3530 αὐτή
1068 3440 1328 3530 παρεσκεόασται

290 3544 500 3634 ποιήσασθαι
519 3545 598 3622 τσδς
616 3544 743 3638 λόγους,
769 3547 847 3616 ἀλλά
870 3547 930 3617 τὸν
948 3547 1144 3636 Ἐπίκουρον
1167 3545 1329 3635 ἀναβιβά-

290 3675 381 3720 σεται
409 3648 709 3742 συναγσρεόσσντα·
746 3655 849 3729 οὕτως
878 3658 1021 3741 ἐντρυφᾷ
1047 3660 1092 3741 τῷ
1122 3651 1324 3739 δικαστηρίω.

287 3753 378 3843 πλήν
400 3753 462 3822 ἀλλ’
483 3752 585 3825 ἐκεῖνό
602 3780 641 3846 γε
661 3752 767 3839 αὐτήν
791 3753 977 3845 [πρότερον]
1002 3761 1151 3846 έρωτάτε,
1177 3760 1268 3831 οἴους
1286 3753 1327 3820 ἀν

358 3945 551 4019 πονησάντων]
566 3967 623 4002 πον
641 3945 748 4003 σάντων
771 3946 838 4019 (τσο
854 3952 934 4004 litera
951 3949 1040 4014 erasa)
1059 3953 1091 4004 A.
1161 3944 1253 4019 λόγοιν
1269 3966 1328 4017 mpr

290 4037 319 4090 Μ
337 4037 386 4089 ned
403 4054 536 4103 suprascr.
560 4033 617 4089 τῶν
635 4032 732 4107 λόγων.
815 4030 843 4090 εἰ
868 4031 900 4089 δέ
921 4056 951 4108 γι
969 4038 1050 4091 mu
1074 4044 1102 4090 et
1117 4053 1145 4089 ν.
1169 4028 1197 4088 ιε’
1217 4029 1248 4087 δέ
1266 4036 1326 4088 ΑΨ.

360 4118 572 4191 ἀποκρίνασθαί
590 4124 672 4177 sm
697 4131 725 4177 et
741 4142 767 4175 v.
806 4119 1014 4194 ἀποκρίνεσθαί
1034 4126 1101 4185 ΔΨ,
1126 4124 1206 4176 mule.
1277 4116 1326 4173 τά·

288 4206 378 4276 γιστα]
395 4205 465 4275 τάχα
487 4212 519 4261 Ψ.
590 4207 669 4278 ὑμεῖς
684 4205 726 4280 γε]
744 4207 822 4275 ὑμεῖς
837 4228 867 4263 τε
881 4213 939 4265 ΑΨ.
1008 4208 1067 4263 τῶν
1084 4206 1209 4278 όριιωνν
1227 4215 1255 4262 et
1271 4211 1326 4261 sor·

289 4304 363 4350 ῖκεεο
384 4296 440 4349 ΨΩ.
475 4294 533 4349 τῶν
555 4291 648 4365 όριιων
670 4301 702 4350 A.
743 4295 795 4348 τοῦ
819 4292 905 4365 όρκσν
931 4298 985 4351 ΦΜ
1010 4305 1038 4351 et
1053 4316 1080 4352 ν.
1149 4289 1326 4366 γιγνομένων]

288 4384 442 4454 γινομένων
461 4385 495 4439 Φ.
