3046 5166
268 335 291 406 4
604 323 620 359 ‘
684 360 914 414 aermnae

269 535 372 611 οὕτως
399 532 612 623 ὑπερμιγέθη
641 538 726 599 ναῦν
754 530 808 597 καὶ
836 530 922 619 πέρα
950 536 1012 598 τοῦ
1037 530 1162 618 μέτρου
1189 534 1221 606 ἐς
1249 528 1309 599 τὸν

267 639 410 725 Πειραιᾶ
440 636 739 704 καταπεπλευκέναι
767 634 853 722 μίαν
881 641 947 702 τῶν
977 632 1031 700 ἀπ’
1056 632 1235 723 Αἰγύπτου
1264 638 1308 710 εἰς

267 741 405 809 Ἰταλίαν
439 747 624 829 σιταγωγῶν
630 768 643 822 3
688 737 783 826 οἶμαι
828 738 863 806 δὲ·
906 738 960 804 καὶ
1004 736 1074 825 opoi
1108 739 1144 805 σε’
1181 765 1218 805 πε
1255 740 1308 805 sol

268 844 454 931 Σάμιππον
475 843 607 911 τουτονὶ
636 841 685 928 μα’
707 842 775 909 κατ’
808 841 883 908 ἄλλο
913 867 945 908 ει
972 846 1004 918 ἐξ
1031 840 1147 917 ἄστεος
1173 841 1307 927 ἧιιεινῆ

270 948 468 1034 ὀψομένους,
484 945 522 1013 τὸ
544 947 673 1014 πλοῖον.
712 946 826 1013 ΛΥΚ.
851 942 893 1029 νὴ
917 943 994 1024 Διά,
1018 946 1073 1012 nol
1095 944 1308 1031 Ἀδείμαντος

269 1051 287 1117 ὃ
310 1048 554 1139 Μυρρινούσιος
583 1054 692 1116 εἵπετο
714 1047 791 1136 μεθ’
816 1047 925 1134 ἡμῶν·
965 1047 1027 1115 ἀλλ’
1054 1047 1112 1116 οὐκ
1134 1047 1198 1114 οἶδ’
1222 1050 1309 1116 ὅπου

269 1243 326 1298 τῶν
344 1241 497 1297 ἀπεόντων.
532 1243 595 1299 vide
613 1244 754 1300 Dobreum
777 1240 1175 1311 inldversar.1.1p.219.
1212 1247 1309 1300 contra

269 1333 403 1388 Horatius
427 1349 514 1401 quum
537 1331 567 1386 in
585 1330 675 1386 Carm.
694 1329 715 1395 Ι,
734 1328 777 1395 31,
797 1329 829 1383 17
853 1328 949 1385 eadem
972 1345 1044 1399 quae
1061 1329 1198 1385 Lucienus
1215 1329 1308 1396 scutit,

154 1492 158 1499 ι
269 1421 331 1474 tum
353 1418 384 1474 in
407 1434 453 1474 eos
476 1418 524 1488 qui
547 1416 674 1483 ,laudent
696 1416 806 1471 diversa
829 1414 982 1484 sequentes‘
1010 1417 1133 1471 saturam
1155 1417 1309 1485 composuit

270 1504 406 1573 (Serm.1‚
426 1502 453 1571 1)
476 1505 588 1560 nostrae
606 1503 732 1559 similem.
767 1501 895 1572 geminae
917 1518 983 1558 vero
1006 1502 1079 1558 aliae
1100 1503 1166 1558 sunt
1188 1505 1308 1569 saturae,

269 1594 389 1649 secunda
405 1592 492 1647 Persii
510 1594 539 1646 et
556 1589 699 1645 luvenalis
715 1589 823 1644 decima
845 1592 874 1644 et
891 1589 980 1659 specie
996 1589 1190 1658 potiusquam
1207 1605 1237 1644 rc
1253 1589 1309 1644 dii·

269 1680 372 1735 ferunt.
407 1677 452 1733 illi
469 1678 545 1732 euim
567 1676 601 1730 de
624 1674 698 1731 veris
718 1675 847 1746 precibus
868 1676 1035 1745 loquuntur,
1059 1676 1105 1731 hic
1126 1679 1220 1731 autem
1243 1692 1308 1731 voce

270 1762 349 1830 εὐχαί
370 1781 427 1818 non
444 1780 537 1835 proces
555 1762 737 1832 designantur
755 1766 802 1818 scd
820 1760 1002 1833 optationes.
1038 1779 1103 1818 nam
1121 1763 1187 1817 deos
1202 1764 1309 1832 precari

270 1853 390 1907 Homero
407 1850 515 1918 placuit
527 1846 572 1916 (Jl.
584 1845 617 1910 ι’,
636 1849 688 1903 499
706 1852 734 1905 et
744 1849 793 1905 Od.
803 1846 836 1911 ν’,
856 1849 925 1917 357),
942 1850 1050 1921 placuit
1063 1849 1193 1919 Sophocli
1201 1849 1308 1921 (calip.

270 1938 303 1992 Ii.
313 1956 338 1994 v.
348 1934 411 2002 239)
428 1936 537 2007 piisque
556 1936 711 2007 gentilibus
727 1938 814 1992 verba
831 1932 914 1988 Oritas
930 1954 961 1988 τι
978 1941 1025 1987 nol
1044 1931 1175 2001 εὔχεσθαι
1189 1937 1309 2007 jungere

269 2024 367 2089 solitis,
384 2025 418 2078 ut
435 2024 466 2078 in
483 2022 607 2089 Quaestt.
624 2023 655 2077 L.
672 2040 701 2092 p.
720 2023 772 2077 206
794 2023 912 2080 ostendi.
947 2026 978 2079 at
994 2022 1153 2094 philosophi
1175 2024 1205 2079 in
1229 2024 1308 2079 libris

269 2115 336 2179 περὶ
355 2106 434 2175 signio
458 2109 563 2181 partim
579 2111 613 2164 ut
630 2109 774 2178 Cyrenaici
797 2110 926 2178 precibus
942 2109 986 2165 nti
1004 2128 1067 2165 suos
1084 2110 1198 2167 omnino
1215 2112 1309 2166 vetue-

270 2200 345 2265 runt,
370 2196 475 2269 partim
498 2197 582 2266 longe
605 2196 688 2251 aliter
711 2212 744 2251 ao
768 2197 869 2267 vulgus
887 2197 976 2252 soleat
993 2196 1123 2253 dixerunt
1139 2197 1309 2265 precandum

270 2302 336 2340 esse.
371 2284 473 2354 quibus
489 2282 599 2340 adsensi
617 2285 646 2337 ot
662 2281 772 2337 Persius
788 2284 817 2336 et
830 2282 973 2338 Juvenalis
990 2283 1149 2351 precatione
1164 2301 1221 2339 non
1237 2284 1309 2339 divi·

270 2372 327 2427 tias
342 2370 436 2441 expeti
453 2370 565 2435 volunt,
592 2370 641 2423 sed
663 2370 790 2424 sanctum
813 2370 938 2425 animum
961 2370 991 2425 ct
1012 2373 1134 2425 mentem
1156 2386 1254 2425 sanam
1269 2368 1309 2437 (in

270 2474 386 2528 corpore
403 2472 479 2522 sano,
497 2459 530 2510 ut
547 2455 628 2511 addit
643 2452 805 2519 iuvenalis).
840 2455 875 2509 de
893 2455 1064 2526 philosophis
1080 2458 1202 2525 primum
1213 2456 1309 2512 Socra-

270 2548 313 2599 tes
334 2544 430 2597 eodem
454 2542 536 2598 modo
560 2544 689 2612 precatus
713 2544 756 2599 est
779 2543 850 2596 teste
873 2541 959 2597 ctiam
976 2542 1101 2611 Xenoph.
1118 2543 1270 2598 Memorat.
1287 2543 1309 2609 I,

270 2630 296 2696 3,
315 2630 340 2692 2,
359 2645 444 2697 quam
461 2645 519 2684 rem
537 2630 670 2698 antiquus
685 2628 868 2698 philosophus
877 2628 1045 2695 Platonicus,
1062 2629 1112 2697 qui
1129 2630 1310 2695 ,Alcibiadem

272 2711 430 2771 secundum‘
449 2714 588 2785 scripsisse
604 2715 724 2782 videtin,
742 2715 832 2769 multo
850 2713 962 2769 uberius
979 2716 1121 2771 mactavit.
1157 2716 1204 2771 ssd
1221 2732 1309 2785 quan·

271 2819 357 2871 quam
380 2800 486 2856 satirici
509 2801 553 2856 illi
570 2801 686 2859 eandem
709 2818 794 2871 quam
811 2801 841 2855 in
857 2802 910 2856 hoc
927 2801 1040 2872 dialogo
1059 2800 1185 2856 Socrates
1208 2802 1310 2857 doctri·

271 2905 336 2944 nam
361 2888 403 2954 ,de
425 2884 560 2959 precibus‘
586 2889 762 2959 proponunt:
787 2889 886 2943 neuter
907 2889 1002 2942 tumen
1023 2887 1167 2957 dialogum
1189 2888 1309 2943 Pseudo·

270 2973 443 3043 platonicum
459 2975 552 3029 totum
569 2975 711 3043 expressit.
746 2973 832 3029 immo
849 2973 958 3029 Persius
980 2975 1081 3031 stoicos
1103 2989 1180 3030 more
1199 2991 1249 3029 suo
1266 2974 1309 3028 in·

271 3060 404 3131 sequitur,
422 3059 564 3116 Juvenslis
581 3060 677 3115 autern
694 3077 751 3116 non
768 3059 922 3115 Alcibiadis
933 3059 961 3114 11
977 3060 1140 3131 scriptorem
1157 3060 1205 3115 sad
1223 3060 1309 3115 alium

270 3146 467 3216 philosophum
490 3145 589 3201 ducem
611 3145 727 3213 habuit,
753 3161 836 3214 quem
859 3145 977 3201 cundem
999 3145 1135 3202 Maximus
1158 3146 1258 3216 Tyrius
1279 3145 1310 3200 in

239 3254 244 3259 ·
271 3233 342 3289 Dios.
353 3231 393 3286 XI
411 3225 450 3297 (ὲῖ
466 3226 512 3284 δεῖ
529 3227 806 3298 εἰὶχισθαι)ἱωὶὲοῦυε
823 3235 873 3287 cst.
910 3249 975 3287 num
991 3232 1172 3289 ciJuvenalis
1185 3232 1309 3287 effluxi·

271 3338 333 3373 mus
350 3318 470 3388 primum
487 3318 589 3386 quihus
605 3320 734 3390 precibus
754 3318 949 3374 abstinendum
966 3320 1004 3375 sit
1021 3320 1113 3375 verbis
1130 3319 1230 3375 docent
1246 3319 1310 3389 plu·

271 3405 356 3471 rimis
374 3407 437 3459 tum
450 3406 546 3459 autem
561 3405 641 3460 brevi
658 3406 785 3461 oratione
802 3407 849 3460 sed
866 3421 970 3477 magns
992 3422 1056 3461 cum
1074 3407 1104 3461 vi
1120 3405 1236 3470 addunt
1255 3421 1310 3473 qua

271 3491 329 3547 alia
346 3492 456 3548 ratione
472 3490 643 3560 precandum
661 3492 851 3561 omndrnnque
868 3492 906 3547 sit
923 3493 953 3549 et
969 3490 999 3546 in
1017 3492 1089 3549 hanc
1106 3493 1195 3560 ipsam
1207 3492 1309 3547 doctri·

271 3596 337 3634 nam
356 3579 441 3635 ambo
457 3577 595 3633 desinunt.

341 3667 366 3720 1.
403 3660 536 3735 o'yoilsyov
555 3666 581 3714 Φ
604 3666 633 3719 et
650 3663 735 3721 schol.
759 3666 895 3733 tanquam
912 3666 942 3721 in
959 3664 1037 3721 crasi
1075 3661 1127 3733 ἐγὼ
1144 3659 1235 3732 ’λογον
1258 3663 1308 3718 ΑΩ

270 3754 299 3808 et
316 3772 342 3811 v.
378 3768 444 3808 cave
469 3748 521 3821 ἐγὼ
546 3746 640 3820 ἔλεγον
662 3750 774 3807 scribas.
809 3751 894 3806 ctiam
917 3752 947 3806 in
965 3752 1080 3808 Timone
1096 3748 1112 3818 ξ
1129 3753 1164 3806 46
1182 3752 1237 3807 est:
1259 3745 1309 3801 oia

271 3836 323 3907 ἐμὺ
344 3833 436 3906 ’λογον
460 3836 547 3903 oie-7
574 3838 679 3893 scilicet
702 3855 717 3894 e
739 3838 851 3894 comicis
873 3838 951 3893 velut
972 3837 1115 3907 Aristoph.
1138 3838 1201 3893 Pac.
1220 3856 1247 3892 v.
1265 3837 1309 3890 64.

270 3925 406 3979 usitatum
424 3927 467 3979 est
483 3926 569 3979 etiam
588 3920 638 3975 οὖιι
656 3919 758 3993 ἔλεγον,
783 3927 813 3979 et
829 3924 1011 3993 Aristophani
1034 3929 1064 3979 et
1085 3926 1180 3981 nostro
1200 3925 1232 3980 in
1247 3923 1308 3979 Jov.

271 4010 354 4079 Trag.
372 4008 388 4076 ἕ
404 4009 449 4064 42.
518 4008 605 4078 γῖαιαι
627 4011 805 4067 Lehmannus
827 4028 878 4081 pro
896 4007 990 4080 γύπιιι.
1061 4006 1088 4066 ἐι
1105 4011 1139 4066 D.
1177 4002 1215 4065 εῖι
1232 4010 1309 4064 ΔΩΦ

272 4102 302 4152 ct
318 4115 345 4150 v.
416 4097 490 4151 recte
507 4096 575 4151 libri
592 4091 653 4148 δέει
676 4100 709 4153 ut
731 4100 762 4155 in
785 4100 911 4155 oratione
934 4098 1049 4167 obliqua
1065 4097 1224 4165 frustraque
1241 4090 1309 4151 Din-

271 4184 374 4241 dorfiufl
393 4177 453 4253 δὲῃ.
533 4178 658 4249 ἀποίνοις
683 4179 730 4235 διὰ
748 4182 831 4236 τοῦτο
851 4181 993 4251 (contuito
1012 4184 1047 4251 A)
1063 4185 1267 4255 impungunt
1283 4182 1309 4235 A

271 4271 300 4327 et
317 4269 379 4326 edd.
397 4270 464 4327 vett.
483 4271 638 4326 correctum
660 4272 697 4327 sb
715 4271 825 4330 Solane.
902 4268 974 4325 circ
992 4291 1039 4330 om
1055 4289 1080 4328 a.
1156 4265 1310 4322 τατοιοῦτο
