<?xml version="1.0" encoding="UTF-8"?>
<!DOCTYPE html PUBLIC "-//W3C//DTD XHTML 1.0 Transitional//EN"
    "http://www.w3.org/TR/xhtml1/DTD/xhtml1-transitional.dtd">
<html xmlns="http://www.w3.org/1999/xhtml" xml:lang="en" lang="en">
 <head>
  <title>
</title>
<meta http-equiv="Content-Type" content="text/html;charset=utf-8" />
  <meta name='ocr-system' content='tesseract 3.04.00' />
  <meta name='ocr-capabilities' content='ocr_page ocr_carea ocr_par ocr_line ocrx_word'/>
</head>
<body>
  <div class='ocr_page' id='page_1' title='image "./lucianussamosat00fritgoog_0531.png"; bbox 0 0 3066 5162; ppageno 0'>
   <div class='ocr_carea' id='block_1_1' title="bbox 657 406 1255 487">
    <p class='ocr_par' dir='ltr' id='par_1_1' title="bbox 657 406 1255 487">
     <span class='ocr_line' id='line_1_1' title="bbox 657 406 1255 487; baseline 0 -2"><span class='ocrx_word' id='word_1_1' title='bbox 657 434 813 487; x_wconf 69' lang='grc' dir='ltr'><strong><em>καιτοι.</em></strong></span> <span class='ocrx_word' id='word_1_2' title='bbox 1182 406 1255 479; x_wconf 80' lang='lat'><strong><em>115</em></strong></span> 
     </span>
    </p>
   </div>
   <div class='ocr_carea' id='block_1_2' title="bbox 194 600 1326 2559">
    <p class='ocr_par' dir='ltr' id='par_1_2' title="bbox 194 600 1326 2559">
     <span class='ocr_line' id='line_1_2' title="bbox 217 600 1257 695; baseline 0.004 -26"><span class='ocrx_word' id='word_1_3' title='bbox 217 600 372 676; x_wconf 82' lang='grc' dir='ltr'><strong><em>τιονικοδς</em></strong></span> <span class='ocrx_word' id='word_1_4' title='bbox 394 604 516 689; x_wconf 74' lang='grc' dir='ltr'><strong><em>λαβεῖν.</em></strong></span> <span class='ocrx_word' id='word_1_5' title='bbox 559 602 598 669; x_wconf 87' lang='grc' dir='ltr'><strong><em>Π</em></strong></span> <span class='ocrx_word' id='word_1_6' title='bbox 600 604 671 671; x_wconf 86' lang='grc' dir='ltr'><strong><em>ΥΘ.</em></strong></span> <span class='ocrx_word' id='word_1_7' title='bbox 703 602 772 680; x_wconf 86' lang='grc' dir='ltr'><strong><em>οὒκ,</em></strong></span> <span class='ocrx_word' id='word_1_8' title='bbox 799 602 878 671; x_wconf 81' lang='grc' dir='ltr'><strong><em>ἀλλά</em></strong></span> <span class='ocrx_word' id='word_1_9' title='bbox 899 602 978 679; x_wconf 80' lang='grc' dir='ltr'><strong><em>τοὺς</em></strong></span> <span class='ocrx_word' id='word_1_10' title='bbox 1000 605 1257 695; x_wconf 76' lang='grc' dir='ltr'><strong><em>Πυθαγορικοὺς</em></strong></span> 
     </span>
     <span class='ocr_line' id='line_1_3' title="bbox 217 703 1252 796; baseline 0.005 -25"><span class='ocrx_word' id='word_1_11' title='bbox 217 706 326 792; x_wconf 77' lang='grc' dir='ltr'><strong><em>ἡμᾶς·</em></strong></span> <span class='ocrx_word' id='word_1_12' title='bbox 375 704 534 792; x_wconf 84' lang='grc' dir='ltr'><strong><em>πρότερος</em></strong></span> <span class='ocrx_word' id='word_1_13' title='bbox 572 704 635 795; x_wconf 85' lang='grc' dir='ltr'><strong><em>γάρ</em></strong></span> <span class='ocrx_word' id='word_1_14' title='bbox 676 705 694 772; x_wconf 87' lang='grc' dir='ltr'><strong><em>ὀ</em></strong></span> <span class='ocrx_word' id='word_1_15' title='bbox 729 705 937 796; x_wconf 72' lang='grc' dir='ltr'><strong><em>Πυθαγόρας</em></strong></span> <span class='ocrx_word' id='word_1_16' title='bbox 976 703 1031 792; x_wconf 82' lang='grc' dir='ltr'><strong><em>ἦν.</em></strong></span> <span class='ocrx_word' id='word_1_17' title='bbox 1078 710 1252 777; x_wconf 81' lang='grc' dir='ltr'><strong><em>ΣΊΏῙΚ.</em></strong></span> 
     </span>
     <span class='ocr_line' id='line_1_4' title="bbox 217 808 1322 897; baseline 0.003 -20"><span class='ocrx_word' id='word_1_18' title='bbox 217 812 358 897; x_wconf 78' lang='grc' dir='ltr'><strong><em>ληρεῖτε·</em></strong></span> <span class='ocrx_word' id='word_1_19' title='bbox 395 810 552 896; x_wconf 82' lang='grc' dir='ltr'><strong><em>ἀμείνους</em></strong></span> <span class='ocrx_word' id='word_1_20' title='bbox 573 816 594 852; x_wconf 73' lang='lat'><em>*</em></span> <span class='ocrx_word' id='word_1_21' title='bbox 615 809 713 896; x_wconf 75' lang='grc' dir='ltr'><strong><em>ἡμεῖς</em></strong></span> <span class='ocrx_word' id='word_1_22' title='bbox 740 816 772 877; x_wconf 79' lang='grc' dir='ltr'><strong><em>οἱ</em></strong></span> <span class='ocrx_word' id='word_1_23' title='bbox 799 808 866 876; x_wconf 86' lang='grc' dir='ltr'><strong><em>ὀπό</em></strong></span> <span class='ocrx_word' id='word_1_24' title='bbox 896 818 956 895; x_wconf 82' lang='grc' dir='ltr'><strong><em>τῆς</em></strong></span> <span class='ocrx_word' id='word_1_25' title='bbox 984 818 1094 886; x_wconf 85' lang='grc' dir='ltr'><strong><em>στοᾶς.</em></strong></span> <span class='ocrx_word' id='word_1_26' title='bbox 1142 813 1253 880; x_wconf 85' lang='grc' dir='ltr'><strong><em>ΠΕΡ.</em></strong></span> <span class='ocrx_word' id='word_1_27' title='bbox 1274 833 1322 884; x_wconf 77' lang='grc'><strong><em>611</em></strong></span> 
     </span>
     <span class='ocr_line' id='line_1_5' title="bbox 219 910 1257 1007; baseline 0.002 -27"><span class='ocrx_word' id='word_1_28' title='bbox 219 914 260 980; x_wconf 88' lang='grc' dir='ltr'><strong><em>οῦ</em></strong></span> <span class='ocrx_word' id='word_1_29' title='bbox 280 919 343 1000; x_wconf 77' lang='grc' dir='ltr'><strong><em>μὲν</em></strong></span> <span class='ocrx_word' id='word_1_30' title='bbox 368 910 438 994; x_wconf 81' lang='grc' dir='ltr'><strong><em>οὖν,</em></strong></span> <span class='ocrx_word' id='word_1_31' title='bbox 453 1004 457 1007; x_wconf 25' lang='grc'>-</span> <span class='ocrx_word' id='word_1_32' title='bbox 472 913 534 979; x_wconf 84' lang='grc' dir='ltr'><strong><em>ἀλλ’</em></strong></span> <span class='ocrx_word' id='word_1_33' title='bbox 559 913 593 979; x_wconf 78' lang='grc' dir='ltr'><strong><em>όν</em></strong></span> <span class='ocrx_word' id='word_1_34' title='bbox 615 939 653 1003; x_wconf 94' lang='grc' dir='ltr'><strong><em>γε</em></strong></span> <span class='ocrx_word' id='word_1_35' title='bbox 672 927 742 988; x_wconf 80' lang='grc' dir='ltr'><strong><em>τοῖς</em></strong></span> <span class='ocrx_word' id='word_1_36' title='bbox 769 912 914 1003; x_wconf 74' lang='grc' dir='ltr'><strong><em>χρήμασι</em></strong></span> <span class='ocrx_word' id='word_1_37' title='bbox 942 922 1068 999; x_wconf 91' lang='grc' dir='ltr'><strong><em>πρῶτοι</em></strong></span> <span class='ocrx_word' id='word_1_38' title='bbox 1097 914 1140 981; x_wconf 81' lang='grc' dir='ltr'><strong><em>ἂν</em></strong></span> <span class='ocrx_word' id='word_1_39' title='bbox 1161 915 1257 1002; x_wconf 78' lang='grc' dir='ltr'><strong><em>ἡμεῖς</em></strong></span> 
     </span>
     <span class='ocr_line' id='line_1_6' title="bbox 219 1015 1258 1104; baseline 0.001 -19"><span class='ocrx_word' id='word_1_40' title='bbox 219 1021 332 1104; x_wconf 84' lang='grc' dir='ltr'><strong><em>εἴημεν</em></strong></span> <span class='ocrx_word' id='word_1_41' title='bbox 356 1023 388 1084; x_wconf 77' lang='grc' dir='ltr'><strong><em>οἱ</em></strong></span> <span class='ocrx_word' id='word_1_42' title='bbox 409 1023 442 1083; x_wconf 78' lang='grc' dir='ltr'><strong><em>ἐκ</em></strong></span> <span class='ocrx_word' id='word_1_43' title='bbox 463 1024 522 1084; x_wconf 89' lang='grc' dir='ltr'><strong><em>τοῦ</em></strong></span> <span class='ocrx_word' id='word_1_44' title='bbox 545 1015 751 1102; x_wconf 86' lang='grc' dir='ltr'><strong><em>Περιπάτου.</em></strong></span> <span class='ocrx_word' id='word_1_45' title='bbox 798 1018 939 1084; x_wconf 84' lang='grc' dir='ltr'><strong><em>ΕΠΙΚ.</em></strong></span> <span class='ocrx_word' id='word_1_46' title='bbox 971 1017 1056 1103; x_wconf 75' lang='grc' dir='ltr'><strong><em>ημῖν</em></strong></span> <span class='ocrx_word' id='word_1_47' title='bbox 1076 1032 1146 1094; x_wconf 82' lang='grc' dir='ltr'><strong><em>τοῖς</em></strong></span> <span class='ocrx_word' id='word_1_48' title='bbox 1163 1019 1258 1086; x_wconf 84' lang='grc' dir='ltr'><strong><em>Ἔπι-</em></strong></span> 
     </span>
     <span class='ocr_line' id='line_1_7' title="bbox 218 1117 1258 1209; baseline 0.001 -21"><span class='ocrx_word' id='word_1_49' title='bbox 218 1121 375 1207; x_wconf 84' lang='grc' dir='ltr'><strong><em>κουρείοις</em></strong></span> <span class='ocrx_word' id='word_1_50' title='bbox 395 1119 473 1196; x_wconf 83' lang='grc' dir='ltr'><strong><em>τοῦς</em></strong></span> <span class='ocrx_word' id='word_1_51' title='bbox 494 1121 701 1195; x_wconf 88' lang='grc' dir='ltr'><strong><em>πλακοῦντας</em></strong></span> <span class='ocrx_word' id='word_1_52' title='bbox 724 1117 800 1187; x_wconf 94' lang='grc' dir='ltr'><strong><em>δότε</em></strong></span> <span class='ocrx_word' id='word_1_53' title='bbox 821 1122 874 1186; x_wconf 86' lang='grc' dir='ltr'><strong><em>καί</em></strong></span> <span class='ocrx_word' id='word_1_54' title='bbox 895 1120 955 1197; x_wconf 86' lang='grc' dir='ltr'><strong><em>τὰς</em></strong></span> <span class='ocrx_word' id='word_1_55' title='bbox 976 1120 1152 1198; x_wconf 89' lang='grc' dir='ltr'><strong><em>παλάθας·</em></strong></span> <span class='ocrx_word' id='word_1_56' title='bbox 1183 1124 1258 1209; x_wconf 77' lang='grc' dir='ltr'><strong><em>περ]</em></strong></span> 
     </span>
     <span class='ocr_line' id='line_1_8' title="bbox 219 1223 1258 1315; baseline 0.002 -25"><span class='ocrx_word' id='word_1_57' title='bbox 219 1225 255 1291; x_wconf 80' lang='grc' dir='ltr'><strong><em>δὲ</em></strong></span> <span class='ocrx_word' id='word_1_58' title='bbox 276 1231 342 1292; x_wconf 91' lang='grc' dir='ltr'><strong><em>τῶν</em></strong></span> <span class='ocrx_word' id='word_1_59' title='bbox 362 1232 457 1311; x_wconf 92' lang='grc' dir='ltr'><strong><em>μνῶν</em></strong></span> <span class='ocrx_word' id='word_1_60' title='bbox 477 1233 734 1310; x_wconf 82' lang='grc' dir='ltr'><strong><em>περιμενοῦμεν,</em></strong></span> <span class='ocrx_word' id='word_1_61' title='bbox 766 1223 830 1291; x_wconf 86' lang='grc' dir='ltr'><strong><em>κάν</em></strong></span> <span class='ocrx_word' id='word_1_62' title='bbox 856 1223 1017 1301; x_wconf 78' lang='grc' dir='ltr'><strong><em>ὑπάτους</em></strong></span> <span class='ocrx_word' id='word_1_63' title='bbox 1047 1224 1104 1315; x_wconf 81' lang='grc' dir='ltr'><strong><em>δέη</em></strong></span> <span class='ocrx_word' id='word_1_64' title='bbox 1126 1225 1258 1314; x_wconf 87' lang='grc' dir='ltr'><strong><em>λαμβά-</em></strong></span> 
     </span>
     <span class='ocr_line' id='line_1_9' title="bbox 218 1325 1259 1420; baseline 0.001 -24"><span class='ocrx_word' id='word_1_65' title='bbox 218 1354 297 1397; x_wconf 90' lang='grc' dir='ltr'><strong><em>νειν.</em></strong></span> <span class='ocrx_word' id='word_1_66' title='bbox 345 1331 499 1397; x_wconf 84' lang='grc' dir='ltr'><strong><em>ΑΚΑΔ.</em></strong></span> <span class='ocrx_word' id='word_1_67' title='bbox 535 1335 604 1395; x_wconf 89' lang='grc' dir='ltr'><strong><em>ποῦ</em></strong></span> <span class='ocrx_word' id='word_1_68' title='bbox 630 1325 670 1396; x_wconf 85' lang='grc' dir='ltr'><strong><em>τά</em></strong></span> <span class='ocrx_word' id='word_1_69' title='bbox 694 1326 755 1394; x_wconf 84' lang='grc' dir='ltr'><strong><em>δίιο</em></strong></span> <span class='ocrx_word' id='word_1_70' title='bbox 778 1325 922 1395; x_wconf 87' lang='grc' dir='ltr'><strong><em>τάλαντα</em></strong></span> <span class='ocrx_word' id='word_1_71' title='bbox 928 1357 942 1409; x_wconf 87' lang='grc'><strong><em>,·</em></strong></span> <span class='ocrx_word' id='word_1_72' title='bbox 972 1328 1119 1415; x_wconf 74' lang='grc' dir='ltr'><strong><em>δείξομεν</em></strong></span> <span class='ocrx_word' id='word_1_73' title='bbox 1141 1329 1203 1420; x_wconf 83' lang='grc' dir='ltr'><strong><em>γάρ</em></strong></span> <span class='ocrx_word' id='word_1_74' title='bbox 1227 1336 1259 1397; x_wconf 83' lang='grc' dir='ltr'><strong><em>ολ</em></strong></span> 
     </span>
     <span class='ocr_line' id='line_1_10' title="bbox 194 1431 1253 1531; baseline 0.002 -31"><span class='ocrx_word' id='word_1_75' title='bbox 194 1432 455 1531; x_wconf 31' lang='grc' dir='ltr'><strong><em>,Ἀκαδημαϊκοὶ</em></strong></span> <span class='ocrx_word' id='word_1_76' title='bbox 500 1434 581 1500; x_wconf 90' lang='grc' dir='ltr'><strong><em>ὀσον</em></strong></span> <span class='ocrx_word' id='word_1_77' title='bbox 623 1439 687 1499; x_wconf 85' lang='grc' dir='ltr'><strong><em>τῶν</em></strong></span> <span class='ocrx_word' id='word_1_78' title='bbox 728 1431 832 1499; x_wconf 86' lang='grc' dir='ltr'><strong><em>άλλιον</em></strong></span> <span class='ocrx_word' id='word_1_79' title='bbox 871 1436 970 1520; x_wconf 77' lang='grc' dir='ltr'><strong><em>ἑσμόν</em></strong></span> <span class='ocrx_word' id='word_1_80' title='bbox 1011 1433 1253 1523; x_wconf 79' lang='grc' dir='ltr'><strong><em>ἐριστικώτεροι.</em></strong></span> 
     </span>
     <span class='ocr_line' id='line_1_11' title="bbox 218 1535 1253 1626; baseline 0.001 -23"><span class='ocrx_word' id='word_1_81' title='bbox 218 1537 390 1604; x_wconf 74' lang='grc' dir='ltr'><strong><em>ΣΤΩΙΚ.</em></strong></span> <span class='ocrx_word' id='word_1_82' title='bbox 439 1536 496 1626; x_wconf 76' lang='grc' dir='ltr'><strong><em>οὐχ</em></strong></span> <span class='ocrx_word' id='word_1_83' title='bbox 539 1535 638 1622; x_wconf 81' lang='grc' dir='ltr'><strong><em>ἡμῶν</em></strong></span> <span class='ocrx_word' id='word_1_84' title='bbox 683 1562 721 1625; x_wconf 89' lang='grc' dir='ltr'><strong><em>γε</em></strong></span> <span class='ocrx_word' id='word_1_85' title='bbox 763 1543 830 1602; x_wconf 92' lang='grc' dir='ltr'><strong><em>τῶν</em></strong></span> <span class='ocrx_word' id='word_1_86' title='bbox 873 1537 1023 1603; x_wconf 82' lang='grc' dir='ltr'><strong><em>Στωϊκῶν</em></strong></span> <span class='ocrx_word' id='word_1_87' title='bbox 1066 1535 1253 1624; x_wconf 87' lang='grc' dir='ltr'><strong><em>παρόντιον.</em></strong></span> 
     </span>
     <span class='ocr_line' id='line_1_12' title="bbox 219 1638 1257 1727; baseline 0.002 -23"><span class='ocrx_word' id='word_1_88' title='bbox 219 1641 270 1705; x_wconf 81' lang='grc'><strong><em>44.</em></strong></span> <span class='ocrx_word' id='word_1_89' title='bbox 298 1641 394 1708; x_wconf 83' lang='grc' dir='ltr'><strong><em>ΦΙΛ.</em></strong></span> <span class='ocrx_word' id='word_1_90' title='bbox 424 1638 605 1708; x_wconf 73' lang='grc' dir='ltr'><strong><em>παύσασθε</em></strong></span> <span class='ocrx_word' id='word_1_91' title='bbox 625 1640 897 1727; x_wconf 76' lang='grc' dir='ltr'><strong><em>φιλονεικοῦντες·</em></strong></span> <span class='ocrx_word' id='word_1_92' title='bbox 925 1639 1019 1726; x_wconf 76' lang='grc' dir='ltr'><strong><em>ὑμεῖς</em></strong></span> <span class='ocrx_word' id='word_1_93' title='bbox 1041 1640 1077 1707; x_wconf 79' lang='grc' dir='ltr'><strong><em>δέ</em></strong></span> <span class='ocrx_word' id='word_1_94' title='bbox 1100 1646 1131 1708; x_wconf 86' lang='grc' dir='ltr'><strong><em>οί</em></strong></span> <span class='ocrx_word' id='word_1_95' title='bbox 1148 1642 1257 1708; x_wconf 87' lang='grc' dir='ltr'><strong><em>Κυνι-</em></strong></span> 
     </span>
     <span class='ocr_line' id='line_1_13' title="bbox 218 1741 1254 1831; baseline 0.001 -20"><span class='ocrx_word' id='word_1_96' title='bbox 218 1746 269 1811; x_wconf 86' lang='grc' dir='ltr'><strong><em>κολ</em></strong></span> <span class='ocrx_word' id='word_1_97' title='bbox 295 1744 382 1831; x_wconf 85' lang='grc' dir='ltr'><strong><em>μη’τε</em></strong></span> <span class='ocrx_word' id='word_1_98' title='bbox 404 1744 520 1811; x_wconf 80' lang='grc' dir='ltr'><strong><em>ὠθεῖτε</em></strong></span> <span class='ocrx_word' id='word_1_99' title='bbox 542 1742 698 1829; x_wconf 71' lang='grc' dir='ltr'><strong><em>ἀλλήλους</em></strong></span> <span class='ocrx_word' id='word_1_100' title='bbox 718 1741 806 1828; x_wconf 77' lang='grc' dir='ltr'><strong><em>μήτε</em></strong></span> <span class='ocrx_word' id='word_1_101' title='bbox 827 1756 896 1819; x_wconf 80' lang='grc' dir='ltr'><strong><em>τοῖς</em></strong></span> <span class='ocrx_word' id='word_1_102' title='bbox 918 1742 1020 1820; x_wconf 72' lang='grc' dir='ltr'><strong><em>ξόλοις</em></strong></span> <span class='ocrx_word' id='word_1_103' title='bbox 1041 1745 1174 1812; x_wconf 81' lang='grc' dir='ltr'><strong><em>παίετε·</em></strong></span> <span class='ocrx_word' id='word_1_104' title='bbox 1206 1749 1254 1812; x_wconf 76' lang='grc' dir='ltr'><strong><em>ἐπ’</em></strong></span> 
     </span>
     <span class='ocr_line' id='line_1_14' title="bbox 219 1846 1258 1937; baseline 0 -23"><span class='ocrx_word' id='word_1_105' title='bbox 219 1848 299 1914; x_wconf 83' lang='grc' dir='ltr'><strong><em>ἄλλα</em></strong></span> <span class='ocrx_word' id='word_1_106' title='bbox 326 1846 388 1936; x_wconf 79' lang='grc' dir='ltr'><strong><em>γάρ</em></strong></span> <span class='ocrx_word' id='word_1_107' title='bbox 412 1850 480 1915; x_wconf 80' lang='grc' dir='ltr'><strong><em>ἴστε</em></strong></span> <span class='ocrx_word' id='word_1_108' title='bbox 506 1849 707 1934; x_wconf 80' lang='grc' dir='ltr'><strong><em>κεκλημένοι.</em></strong></span> <span class='ocrx_word' id='word_1_109' title='bbox 743 1848 797 1913; x_wconf 83' lang='grc' dir='ltr'><strong><em>καί</em></strong></span> <span class='ocrx_word' id='word_1_110' title='bbox 818 1854 878 1915; x_wconf 85' lang='grc' dir='ltr'><strong><em>νῦν</em></strong></span> <span class='ocrx_word' id='word_1_111' title='bbox 902 1847 1001 1937; x_wconf 78' lang='grc' dir='ltr'><strong><em>έγιογε</em></strong></span> <span class='ocrx_word' id='word_1_112' title='bbox 1028 1847 1050 1934; x_wconf 77' lang='grc' dir='ltr'><strong><em>ο]</em></strong></span> <span class='ocrx_word' id='word_1_113' title='bbox 1079 1848 1258 1935; x_wconf 80' lang='grc' dir='ltr'><strong><em>Φιλοσοφία</em></strong></span> 
     </span>
     <span class='ocr_line' id='line_1_15' title="bbox 220 1948 1326 2039; baseline 0 -21"><span class='ocrx_word' id='word_1_114' title='bbox 220 1954 273 2018; x_wconf 82' lang='grc' dir='ltr'><strong><em>καί</em></strong></span> <span class='ocrx_word' id='word_1_115' title='bbox 291 1950 407 2037; x_wconf 76' lang='grc' dir='ltr'><strong><em>Ἀρέτη</em></strong></span> <span class='ocrx_word' id='word_1_116' title='bbox 427 1953 509 2036; x_wconf 85' lang='grc' dir='ltr'><strong><em>αῦτη</em></strong></span> <span class='ocrx_word' id='word_1_117' title='bbox 533 1953 587 2019; x_wconf 87' lang='grc' dir='ltr'><strong><em>καί</em></strong></span> <span class='ocrx_word' id='word_1_118' title='bbox 604 1950 765 2036; x_wconf 80' lang='grc' dir='ltr'><strong><em>Ἀλήθεια</em></strong></span> <span class='ocrx_word' id='word_1_119' title='bbox 788 1948 967 2039; x_wconf 80' lang='grc' dir='ltr'><strong><em>δικάσομεν</em></strong></span> <span class='ocrx_word' id='word_1_120' title='bbox 987 1952 1073 2029; x_wconf 87' lang='grc' dir='ltr'><strong><em>τίνες</em></strong></span> <span class='ocrx_word' id='word_1_121' title='bbox 1096 1958 1127 2019; x_wconf 86' lang='grc' dir='ltr'><strong><em>οἱ</em></strong></span> <span class='ocrx_word' id='word_1_122' title='bbox 1149 1952 1258 2039; x_wconf 82' lang='grc' dir='ltr'><strong><em>ὀρθῶς</em></strong></span> <span class='ocrx_word' id='word_1_123' title='bbox 1311 2006 1326 2035; x_wconf 49' lang='grc'><strong><em>,.</em></strong></span> 
     </span>
     <span class='ocr_line' id='line_1_16' title="bbox 218 2054 1256 2143; baseline 0.001 -22"><span class='ocrx_word' id='word_1_124' title='bbox 218 2056 470 2143; x_wconf 71' lang='grc' dir='ltr'><strong><em>φιλοσοφοῦντες</em></strong></span> <span class='ocrx_word' id='word_1_125' title='bbox 500 2059 591 2136; x_wconf 80' lang='grc' dir='ltr'><strong><em>εἰσιν,</em></strong></span> <span class='ocrx_word' id='word_1_126' title='bbox 624 2054 694 2122; x_wconf 80' lang='grc' dir='ltr'><strong><em>εἶτα</em></strong></span> <span class='ocrx_word' id='word_1_127' title='bbox 724 2057 796 2121; x_wconf 88' lang='grc' dir='ltr'><strong><em>όσοι</em></strong></span> <span class='ocrx_word' id='word_1_128' title='bbox 824 2059 890 2142; x_wconf 81' lang='grc' dir='ltr'><strong><em>μὲν</em></strong></span> <span class='ocrx_word' id='word_1_129' title='bbox 918 2056 958 2120; x_wconf 82' lang='grc' dir='ltr'><strong><em>ἂν</em></strong></span> <span class='ocrx_word' id='word_1_130' title='bbox 989 2055 1148 2142; x_wconf 83' lang='grc' dir='ltr'><strong><em>εόρεθῶσι</em></strong></span> <span class='ocrx_word' id='word_1_131' title='bbox 1174 2055 1256 2123; x_wconf 82' lang='grc' dir='ltr'><strong><em>κατά</em></strong></span> 
     </span>
     <span class='ocr_line' id='line_1_17' title="bbox 218 2157 1257 2246; baseline -0.001 -19"><span class='ocrx_word' id='word_1_132' title='bbox 218 2158 259 2227; x_wconf 83' lang='grc' dir='ltr'><strong><em>τά</em></strong></span> <span class='ocrx_word' id='word_1_133' title='bbox 292 2158 378 2244; x_wconf 79' lang='grc' dir='ltr'><strong><em>ημῖν</em></strong></span> <span class='ocrx_word' id='word_1_134' title='bbox 407 2158 568 2226; x_wconf 91' lang='grc' dir='ltr'><strong><em>δοκοῦντα</em></strong></span> <span class='ocrx_word' id='word_1_135' title='bbox 600 2161 765 2246; x_wconf 80' lang='grc' dir='ltr'><strong><em>βιοῦντες,</em></strong></span> <span class='ocrx_word' id='word_1_136' title='bbox 798 2157 1103 2245; x_wconf 78' lang='grc' dir='ltr'><strong><em>ἐὐδαιμονήσουσιν</em></strong></span> <span class='ocrx_word' id='word_1_137' title='bbox 1132 2160 1257 2246; x_wconf 83' lang='grc' dir='ltr'><strong><em>ἄριστοι</em></strong></span> 
     </span>
     <span class='ocr_line' id='line_1_18' title="bbox 218 2261 1257 2352; baseline 0.001 -24"><span class='ocrx_word' id='word_1_138' title='bbox 218 2264 417 2349; x_wconf 76' lang='grc' dir='ltr'><strong><em>κεκριμένοι·</em></strong></span> <span class='ocrx_word' id='word_1_139' title='bbox 453 2261 531 2338; x_wconf 83' lang='grc' dir='ltr'><strong><em>τοῦς</em></strong></span> <span class='ocrx_word' id='word_1_140' title='bbox 558 2261 681 2352; x_wconf 90' lang='grc' dir='ltr'><strong><em>γόητας</em></strong></span> <span class='ocrx_word' id='word_1_141' title='bbox 704 2263 739 2328; x_wconf 81' lang='grc' dir='ltr'><strong><em>δέ</em></strong></span> <span class='ocrx_word' id='word_1_142' title='bbox 768 2263 822 2328; x_wconf 84' lang='grc' dir='ltr'><strong><em>καί</em></strong></span> <span class='ocrx_word' id='word_1_143' title='bbox 845 2262 941 2329; x_wconf 83' lang='grc' dir='ltr'><strong><em>οὐδέν</em></strong></span> <span class='ocrx_word' id='word_1_144' title='bbox 963 2262 1048 2348; x_wconf 83' lang='grc' dir='ltr'><strong><em>ἡμῖν</em></strong></span> <span class='ocrx_word' id='word_1_145' title='bbox 1068 2262 1257 2350; x_wconf 79' lang='grc' dir='ltr'><strong><em>προσηκον-</em></strong></span> 
     </span>
     <span class='ocr_line' id='line_1_19' title="bbox 217 2364 1255 2452; baseline 0 -19"><span class='ocrx_word' id='word_1_146' title='bbox 217 2392 277 2442; x_wconf 86' lang='grc' dir='ltr'><strong><em>τας</em></strong></span> <span class='ocrx_word' id='word_1_147' title='bbox 309 2365 427 2441; x_wconf 85' lang='grc' dir='ltr'><strong><em>κακοδς</em></strong></span> <span class='ocrx_word' id='word_1_148' title='bbox 458 2372 562 2442; x_wconf 88' lang='grc' dir='ltr'><strong><em>κακῶς</em></strong></span> <span class='ocrx_word' id='word_1_149' title='bbox 595 2366 828 2452; x_wconf 80' lang='grc' dir='ltr'><strong><em>ἐπιτρίψομεν,</em></strong></span> <span class='ocrx_word' id='word_1_150' title='bbox 870 2364 912 2440; x_wconf 89' lang='grc' dir='ltr'><strong><em>ὡς</em></strong></span> <span class='ocrx_word' id='word_1_151' title='bbox 949 2365 999 2452; x_wconf 75' lang='grc' dir='ltr'><strong><em>με]</em></strong></span> <span class='ocrx_word' id='word_1_152' title='bbox 1034 2365 1255 2433; x_wconf 87' lang='grc' dir='ltr'><strong><em>άντιποιοῑντο</em></strong></span> 
     </span>
     <span class='ocr_line' id='line_1_20' title="bbox 217 2468 1256 2559; baseline 0 -23"><span class='ocrx_word' id='word_1_153' title='bbox 217 2478 283 2537; x_wconf 90' lang='grc' dir='ltr'><strong><em>τῶν</em></strong></span> <span class='ocrx_word' id='word_1_154' title='bbox 308 2469 391 2557; x_wconf 75' lang='grc' dir='ltr'><strong><em>ὑπὲρ</em></strong></span> <span class='ocrx_word' id='word_1_155' title='bbox 421 2468 542 2546; x_wconf 74' lang='grc' dir='ltr'><strong><em>αὐτοὺς</em></strong></span> <span class='ocrx_word' id='word_1_156' title='bbox 571 2469 723 2550; x_wconf 83' lang='grc' dir='ltr'><strong><em>ἀλαζόνες</em></strong></span> <span class='ocrx_word' id='word_1_157' title='bbox 753 2469 855 2545; x_wconf 86' lang='grc' dir='ltr'><strong><em>ὄντες.</em></strong></span> <span class='ocrx_word' id='word_1_158' title='bbox 890 2469 923 2535; x_wconf 90' lang='grc' dir='ltr'><strong><em>τί</em></strong></span> <span class='ocrx_word' id='word_1_159' title='bbox 947 2477 1047 2536; x_wconf 84' lang='grc' dir='ltr'><strong><em>τοῦτο</em></strong></span> <span class='ocrx_word' id='word_1_160' title='bbox 1055 2498 1069 2551; x_wconf 82' lang='lat'><strong><em>,·</em></strong></span> <span class='ocrx_word' id='word_1_161' title='bbox 1102 2468 1235 2559; x_wconf 82' lang='grc' dir='ltr'><strong><em>φεύγετε</em></strong></span> <span class='ocrx_word' id='word_1_162' title='bbox 1242 2499 1256 2551; x_wconf 87' lang='grc'><strong><em>,·</em></strong></span> 
     </span>
    </p>
   </div>
   <div class='ocr_carea' id='block_1_3' title="bbox 217 2569 1326 2867">
    <p class='ocr_par' dir='ltr' id='par_1_3' title="bbox 217 2569 1326 2867">
     <span class='ocr_line' id='line_1_21' title="bbox 218 2569 1252 2662; baseline 0.001 -23"><span class='ocrx_word' id='word_1_163' title='bbox 218 2572 259 2659; x_wconf 73' lang='grc' dir='ltr'><strong><em>νε]</em></strong></span> <span class='ocrx_word' id='word_1_164' title='bbox 291 2576 372 2652; x_wconf 83' lang='grc' dir='ltr'><strong><em>Δία,</em></strong></span> <span class='ocrx_word' id='word_1_165' title='bbox 409 2572 491 2639; x_wconf 82' lang='grc' dir='ltr'><strong><em>κατά</em></strong></span> <span class='ocrx_word' id='word_1_166' title='bbox 521 2580 587 2640; x_wconf 88' lang='grc' dir='ltr'><strong><em>τῶν</em></strong></span> <span class='ocrx_word' id='word_1_167' title='bbox 614 2600 651 2662; x_wconf 91' lang='grc' dir='ltr'><strong><em>γε</em></strong></span> <span class='ocrx_word' id='word_1_168' title='bbox 680 2580 836 2660; x_wconf 81' lang='grc' dir='ltr'><strong><em>κρημνῶν</em></strong></span> <span class='ocrx_word' id='word_1_169' title='bbox 865 2577 896 2638; x_wconf 83' lang='grc' dir='ltr'><strong><em>οἱ</em></strong></span> <span class='ocrx_word' id='word_1_170' title='bbox 924 2573 1039 2640; x_wconf 76' lang='grc' dir='ltr'><strong><em>πολλοὶ</em></strong></span> <span class='ocrx_word' id='word_1_171' title='bbox 1069 2569 1252 2661; x_wconf 83' lang='grc' dir='ltr'><strong><em>ἁλλόμενοι.</em></strong></span> 
     </span>
     <span class='ocr_line' id='line_1_22' title="bbox 218 2671 1257 2764; baseline 0.002 -22"><span class='ocrx_word' id='word_1_172' title='bbox 218 2675 293 2763; x_wconf 80' lang='grc' dir='ltr'><strong><em>κενη</em></strong></span> <span class='ocrx_word' id='word_1_173' title='bbox 317 2676 348 2743; x_wconf 84' lang='grc' dir='ltr'><strong><em>δ’</em></strong></span> <span class='ocrx_word' id='word_1_174' title='bbox 374 2671 433 2742; x_wconf 84' lang='grc' dir='ltr'><strong><em>οὖν</em></strong></span> <span class='ocrx_word' id='word_1_175' title='bbox 455 2674 477 2759; x_wconf 82' lang='grc' dir='ltr'><em>ἦ</em></span> <span class='ocrx_word' id='word_1_176' title='bbox 501 2673 694 2761; x_wconf 82' lang='grc' dir='ltr'><strong><em>ἀκρόπολις,</em></strong></span> <span class='ocrx_word' id='word_1_177' title='bbox 726 2673 812 2761; x_wconf 80' lang='grc' dir='ltr'><strong><em>πλην</em></strong></span> <span class='ocrx_word' id='word_1_178' title='bbox 837 2675 952 2764; x_wconf 87' lang='grc' dir='ltr'><strong><em>ὀλίγων</em></strong></span> <span class='ocrx_word' id='word_1_179' title='bbox 972 2675 1110 2757; x_wconf 80' lang='grc' dir='ltr'><strong><em>τοέπαν,</em></strong></span> <span class='ocrx_word' id='word_1_180' title='bbox 1136 2676 1257 2745; x_wconf 88' lang='grc' dir='ltr'><strong><em>ὀπόσοι</em></strong></span> 
     </span>
     <span class='ocr_line' id='line_1_23' title="bbox 217 2777 1326 2867; baseline 0.002 -21"><span class='ocrx_word' id='word_1_181' title='bbox 217 2778 444 2866; x_wconf 71' lang='grc' dir='ltr'><strong><em>μεμενήκασιν</em></strong></span> <span class='ocrx_word' id='word_1_182' title='bbox 467 2778 504 2845; x_wconf 86' lang='grc' dir='ltr'><strong><em>οῦ</em></strong></span> <span class='ocrx_word' id='word_1_183' title='bbox 528 2780 733 2866; x_wconf 78' lang='grc' dir='ltr'><strong><em>φοβηθέντες</em></strong></span> <span class='ocrx_word' id='word_1_184' title='bbox 754 2777 817 2865; x_wconf 78' lang='grc' dir='ltr'><strong><em>την</em></strong></span> <span class='ocrx_word' id='word_1_185' title='bbox 838 2778 952 2867; x_wconf 87' lang='grc' dir='ltr'><strong><em>κρίσιν.</em></strong></span> <span class='ocrx_word' id='word_1_186' title='bbox 978 2786 999 2822; x_wconf 71' lang='lat'><em>*</em></span> <span class='ocrx_word' id='word_1_187' title='bbox 1033 2782 1084 2844; x_wconf 76' lang='lat'><strong><em>45.</em></strong></span> <span class='ocrx_word' id='word_1_188' title='bbox 1114 2786 1147 2847; x_wconf 81' lang='grc' dir='ltr'><strong><em>οἱ</em></strong></span> <span class='ocrx_word' id='word_1_189' title='bbox 1168 2781 1257 2867; x_wconf 85' lang='grc' dir='ltr'><strong><em>ῦπη-</em></strong></span> <span class='ocrx_word' id='word_1_190' title='bbox 1274 2803 1326 2859; x_wconf 72' lang='lat'><strong><em>612</em></strong></span> 
     </span>
    </p>
   </div>
   <div class='ocr_carea' id='block_1_4' title="bbox 218 2951 1257 4326">
    <p class='ocr_par' dir='ltr' id='par_1_4' title="bbox 218 2951 1257 3198">
     <span class='ocr_line' id='line_1_24' title="bbox 220 2951 1254 3025; baseline 0.001 -17"><span class='ocrx_word' id='word_1_191' title='bbox 220 2952 392 3012; x_wconf 80' lang='grc' dir='ltr'><strong><em>πλακοῦντας</em></strong></span> <span class='ocrx_word' id='word_1_192' title='bbox 409 2951 483 3008; x_wconf 84' lang='grc' dir='ltr'><strong><em>δότε.</em></strong></span> <span class='ocrx_word' id='word_1_193' title='bbox 519 2974 582 3008; x_wconf 79' lang='lat' dir='ltr'><strong><em>nam</em></strong></span> <span class='ocrx_word' id='word_1_194' title='bbox 604 2953 718 3022; x_wconf 84' lang='grc' dir='ltr'><strong><em>πρῶτον</em></strong></span> <span class='ocrx_word' id='word_1_195' title='bbox 739 2958 836 3009; x_wconf 73' lang='lat' dir='ltr'><strong>abesse</strong></span> <span class='ocrx_word' id='word_1_196' title='bbox 854 2961 957 3025; x_wconf 79' lang='lat' dir='ltr'><strong>nequit.</strong></span> <span class='ocrx_word' id='word_1_197' title='bbox 1028 2951 1189 3025; x_wconf 78' lang='grc' dir='ltr'><strong><em>λαμβάνειν]</em></strong></span> <span class='ocrx_word' id='word_1_198' title='bbox 1208 2953 1254 3009; x_wconf 90' lang='grc' dir='ltr'><strong><em>λα-</em></strong></span> 
     </span>
     <span class='ocr_line' id='line_1_25' title="bbox 218 3036 1257 3111; baseline 0.002 -16"><span class='ocrx_word' id='word_1_199' title='bbox 218 3042 281 3110; x_wconf 77' lang='grc' dir='ltr'><strong><em>βεῖν</em></strong></span> <span class='ocrx_word' id='word_1_200' title='bbox 298 3045 333 3095; x_wconf 97' lang='grc' dir='ltr'><strong><em>Φ.</em></strong></span> <span class='ocrx_word' id='word_1_201' title='bbox 409 3037 619 3109; x_wconf 75' lang='grc' dir='ltr'><strong><em>Ἀκαδημαϊκοὶ]</em></strong></span> <span class='ocrx_word' id='word_1_202' title='bbox 640 3036 843 3109; x_wconf 76' lang='grc' dir='ltr'><strong><em>Ἀκαδημιακαλ</em></strong></span> <span class='ocrx_word' id='word_1_203' title='bbox 866 3045 1031 3097; x_wconf 76' lang='grc' dir='ltr'><strong><em>Βίιιδοιῦιιε.</em></strong></span> <span class='ocrx_word' id='word_1_204' title='bbox 1111 3040 1160 3110; x_wconf 74' lang='grc' dir='ltr'><strong><em>οόγ</em></strong></span> <span class='ocrx_word' id='word_1_205' title='bbox 1175 3040 1257 3111; x_wconf 82' lang='grc' dir='ltr'><strong><em>ἡμῶν</em></strong></span> 
     </span>
     <span class='ocr_line' id='line_1_26' title="bbox 218 3124 639 3198; baseline -0.012 -17"><span class='ocrx_word' id='word_1_206' title='bbox 218 3127 258 3198; x_wconf 86' lang='grc' dir='ltr'><strong><em>γε]</em></strong></span> <span class='ocrx_word' id='word_1_207' title='bbox 278 3124 426 3196; x_wconf 78' lang='grc' dir='ltr'><strong><em>οόκῆμῶν</em></strong></span> <span class='ocrx_word' id='word_1_208' title='bbox 444 3124 475 3181; x_wconf 84' lang='grc' dir='ltr'><strong><em>δέ</em></strong></span> <span class='ocrx_word' id='word_1_209' title='bbox 494 3131 529 3180; x_wconf 88' lang='grc' dir='ltr'><strong><em>Φ.</em></strong></span> <span class='ocrx_word' id='word_1_210' title='bbox 637 3173 639 3176; x_wconf 79' lang='grc'>,</span> 
     </span>
    </p>

    <p class='ocr_par' dir='ltr' id='par_1_5' title="bbox 218 3208 1255 3454">
     <span class='ocr_line' id='line_1_27' title="bbox 288 3208 1255 3282; baseline 0.003 -15"><span class='ocrx_word' id='word_1_211' title='bbox 288 3216 331 3269; x_wconf 92' lang='grc'><strong><em>44.</em></strong></span> <span class='ocrx_word' id='word_1_212' title='bbox 368 3212 454 3282; x_wconf 81' lang='grc' dir='ltr'><strong><em>ὀμεῖς]</em></strong></span> <span class='ocrx_word' id='word_1_213' title='bbox 472 3211 553 3282; x_wconf 77' lang='grc' dir='ltr'><strong><em>ἡμεῖς</em></strong></span> <span class='ocrx_word' id='word_1_214' title='bbox 574 3217 623 3268; x_wconf 87' lang='grc' dir='ltr'><strong><em>Ψε.</em></strong></span> <span class='ocrx_word' id='word_1_215' title='bbox 697 3210 798 3268; x_wconf 74' lang='grc' dir='ltr'><strong><em>ὠθεῖτε</em></strong></span> <span class='ocrx_word' id='word_1_216' title='bbox 817 3219 841 3268; x_wconf 88' lang='grc' dir='ltr'>Τ</span> <span class='ocrx_word' id='word_1_217' title='bbox 860 3224 888 3269; x_wconf 74' lang='grc' dir='ltr'><strong><em>ετ</em></strong></span> <span class='ocrx_word' id='word_1_218' title='bbox 905 3234 930 3269; x_wconf 82' lang='lat' dir='ltr'><strong><em>v.</em></strong></span> <span class='ocrx_word' id='word_1_219' title='bbox 958 3208 1068 3269; x_wconf 83' lang='grc' dir='ltr'><strong><em>αι’θεΐτι</em></strong></span> <span class='ocrx_word' id='word_1_220' title='bbox 1090 3218 1123 3267; x_wconf 89' lang='grc' dir='ltr'><strong><em>Ψ</em></strong></span> <span class='ocrx_word' id='word_1_221' title='bbox 1153 3210 1255 3270; x_wconf 77' lang='grc' dir='ltr'><strong><em>αἰτεῖτε</em></strong></span> 
     </span>
     <span class='ocr_line' id='line_1_28' title="bbox 219 3298 1254 3370; baseline 0 -16"><span class='ocrx_word' id='word_1_222' title='bbox 219 3305 292 3354; x_wconf 72' lang='lat' dir='ltr'><strong><em>Assa.</em></strong></span> <span class='ocrx_word' id='word_1_223' title='bbox 328 3320 377 3368; x_wconf 79' lang='lat' dir='ltr'><strong><em>pro</em></strong></span> <span class='ocrx_word' id='word_1_224' title='bbox 400 3319 497 3355; x_wconf 78' lang='lat' dir='ltr'><strong>novem</strong></span> <span class='ocrx_word' id='word_1_225' title='bbox 519 3304 609 3354; x_wconf 76' lang='lat' dir='ltr'>verbis</span> <span class='ocrx_word' id='word_1_226' title='bbox 632 3302 749 3353; x_wconf 79' lang='grc' dir='ltr'><strong><em>Κυνικοὶ</em></strong></span> <span class='ocrx_word' id='word_1_227' title='bbox 770 3332 805 3340; x_wconf 91' lang='grc'><strong>-</strong></span> <span class='ocrx_word' id='word_1_228' title='bbox 829 3298 869 3354; x_wconf 77' lang='grc' dir='ltr'><strong><em>ἐπ’</em></strong></span> <span class='ocrx_word' id='word_1_229' title='bbox 895 3304 922 3353; x_wconf 91' lang='grc' dir='ltr'><strong><em>Φ</em></strong></span> <span class='ocrx_word' id='word_1_230' title='bbox 944 3303 1040 3355; x_wconf 75' lang='lat' dir='ltr'><strong>habet:</strong></span> <span class='ocrx_word' id='word_1_231' title='bbox 1066 3308 1186 3365; x_wconf 80' lang='grc' dir='ltr'><strong><em>κονικολ,</em></strong></span> <span class='ocrx_word' id='word_1_232' title='bbox 1215 3301 1254 3370; x_wconf 76' lang='grc' dir='ltr'><strong><em>με]</em></strong></span> 
     </span>
     <span class='ocr_line' id='line_1_29' title="bbox 218 3382 1255 3454; baseline 0.006 -16"><span class='ocrx_word' id='word_1_233' title='bbox 218 3388 315 3440; x_wconf 80' lang='grc' dir='ltr'><strong><em>παίετε</em></strong></span> <span class='ocrx_word' id='word_1_234' title='bbox 342 3382 474 3454; x_wconf 75' lang='grc' dir='ltr'><strong><em>ἀλλήλους</em></strong></span> <span class='ocrx_word' id='word_1_235' title='bbox 495 3388 554 3442; x_wconf 79' lang='grc' dir='ltr'><strong><em>τοῖς</em></strong></span> <span class='ocrx_word' id='word_1_236' title='bbox 580 3382 678 3453; x_wconf 79' lang='grc' dir='ltr'><strong><em>ξύλοις,</em></strong></span> <span class='ocrx_word' id='word_1_237' title='bbox 704 3384 754 3442; x_wconf 82' lang='grc' dir='ltr'><strong><em>ἐπ’.</em></strong></span> <span class='ocrx_word' id='word_1_238' title='bbox 832 3384 902 3441; x_wconf 69' lang='grc' dir='ltr'><strong><em>ἄλλα</em></strong></span> <span class='ocrx_word' id='word_1_239' title='bbox 919 3391 993 3442; x_wconf 82' lang='grc' dir='ltr'><strong><em>ΔΒΦ</em></strong></span> <span class='ocrx_word' id='word_1_240' title='bbox 1015 3397 1043 3442; x_wconf 76' lang='grc' dir='ltr'><strong><em>ετ</em></strong></span> <span class='ocrx_word' id='word_1_241' title='bbox 1065 3406 1091 3442; x_wconf 83' lang='lat' dir='ltr'><strong><em>v.</em></strong></span> <span class='ocrx_word' id='word_1_242' title='bbox 1119 3384 1193 3441; x_wconf 71' lang='grc' dir='ltr'><strong><em>τίλλε</em></strong></span> <span class='ocrx_word' id='word_1_243' title='bbox 1222 3393 1255 3444; x_wconf 96' lang='grc' dir='ltr'><strong><em>Ψ.</em></strong></span> 
     </span>
    </p>

    <p class='ocr_par' dir='ltr' id='par_1_6' title="bbox 218 3464 1255 4153">
     <span class='ocr_line' id='line_1_30' title="bbox 298 3464 1253 3545; baseline 0.002 -20"><span class='ocrx_word' id='word_1_244' title='bbox 298 3474 484 3528; x_wconf 71' lang='grc' dir='ltr'><strong><em>ἴστεΔεικ.</em></strong></span> <span class='ocrx_word' id='word_1_245' title='bbox 521 3472 581 3527; x_wconf 79' lang='grc' dir='ltr'><strong><em>ἕστε</em></strong></span> <span class='ocrx_word' id='word_1_246' title='bbox 601 3477 665 3528; x_wconf 79' lang='grc' dir='ltr'><strong><em>ΦΜ.</em></strong></span> <span class='ocrx_word' id='word_1_247' title='bbox 700 3464 750 3542; x_wconf 78' lang='grc' dir='ltr'><strong><em>ἤτε</em></strong></span> <span class='ocrx_word' id='word_1_248' title='bbox 772 3479 805 3528; x_wconf 88' lang='grc' dir='ltr'><strong><em>Ψ.</em></strong></span> <span class='ocrx_word' id='word_1_249' title='bbox 881 3471 1135 3545; x_wconf 80' lang='grc' dir='ltr'><strong><em>καλάρετὴΑΒΨ.</em></strong></span> <span class='ocrx_word' id='word_1_250' title='bbox 1171 3474 1253 3543; x_wconf 72' lang='grc' dir='ltr'><strong><em>καλε]</em></strong></span> 
     </span>
     <span class='ocr_line' id='line_1_31' title="bbox 220 3557 1255 3629; baseline 0.001 -18"><span class='ocrx_word' id='word_1_251' title='bbox 220 3557 305 3627; x_wconf 62' lang='lat' dir='ltr'><strong><em>dom)</em></strong></span> <span class='ocrx_word' id='word_1_252' title='bbox 326 3563 353 3611; x_wconf 88' lang='grc' dir='ltr'><em>Φ</em></span> <span class='ocrx_word' id='word_1_253' title='bbox 370 3569 398 3614; x_wconf 70' lang='grc' dir='ltr'><strong><em>ετ</em></strong></span> <span class='ocrx_word' id='word_1_254' title='bbox 414 3580 440 3614; x_wconf 86' lang='lat' dir='ltr'><strong><em>v.</em></strong></span> <span class='ocrx_word' id='word_1_255' title='bbox 511 3557 578 3626; x_wconf 79' lang='grc' dir='ltr'><strong><em>αῦτη</em></strong></span> <span class='ocrx_word' id='word_1_256' title='bbox 600 3580 642 3615; x_wconf 88' lang='lat' dir='ltr'><strong><em>om</em></strong></span> <span class='ocrx_word' id='word_1_257' title='bbox 653 3564 688 3613; x_wconf 88' lang='grc' dir='ltr'><strong><em>Φ.</em></strong></span> <span class='ocrx_word' id='word_1_258' title='bbox 760 3566 807 3614; x_wconf 77' lang='grc' dir='ltr'><strong><em>καὶ</em></strong></span> <span class='ocrx_word' id='word_1_259' title='bbox 826 3558 1058 3629; x_wconf 78' lang='grc' dir='ltr'><strong><em>ἀλήθειαΔΒΨε.</em></strong></span> <span class='ocrx_word' id='word_1_260' title='bbox 1087 3568 1133 3614; x_wconf 82' lang='grc' dir='ltr'><strong><em>καλ</em></strong></span> <span class='ocrx_word' id='word_1_261' title='bbox 1150 3559 1168 3628; x_wconf 80' lang='grc' dir='ltr'><strong><em>ἡ</em></strong></span> <span class='ocrx_word' id='word_1_262' title='bbox 1188 3559 1255 3628; x_wconf 77' lang='grc' dir='ltr'><strong><em>ὀλη-</em></strong></span> 
     </span>
     <span class='ocr_line' id='line_1_32' title="bbox 218 3643 1255 3716; baseline 0.001 -18"><span class='ocrx_word' id='word_1_263' title='bbox 218 3648 289 3699; x_wconf 88' lang='grc' dir='ltr'><strong><em>θεια</em></strong></span> <span class='ocrx_word' id='word_1_264' title='bbox 306 3649 334 3698; x_wconf 90' lang='grc' dir='ltr'><strong><em>Φ</em></strong></span> <span class='ocrx_word' id='word_1_265' title='bbox 351 3656 379 3701; x_wconf 72' lang='grc' dir='ltr'><strong><em>ει</em></strong></span> <span class='ocrx_word' id='word_1_266' title='bbox 395 3666 421 3700; x_wconf 83' lang='lat' dir='ltr'><strong><em>v.</em></strong></span> <span class='ocrx_word' id='word_1_267' title='bbox 493 3643 696 3715; x_wconf 81' lang='grc' dir='ltr'><strong><em>δικάσωμενΨ.</em></strong></span> <span class='ocrx_word' id='word_1_268' title='bbox 767 3649 839 3704; x_wconf 82' lang='grc' dir='ltr'><strong><em>τίνες</em></strong></span> <span class='ocrx_word' id='word_1_269' title='bbox 857 3643 887 3699; x_wconf 83' lang='grc' dir='ltr'><strong><em>οἱ</em></strong></span> <span class='ocrx_word' id='word_1_270' title='bbox 902 3643 1008 3716; x_wconf 80' lang='grc' dir='ltr'><strong><em>ὀρθῶς]</em></strong></span> <span class='ocrx_word' id='word_1_271' title='bbox 1027 3646 1057 3700; x_wconf 78' lang='grc' dir='ltr'><strong><em>εἴ</em></strong></span> <span class='ocrx_word' id='word_1_272' title='bbox 1069 3664 1141 3704; x_wconf 84' lang='grc' dir='ltr'><strong><em>τινες</em></strong></span> <span class='ocrx_word' id='word_1_273' title='bbox 1159 3644 1255 3716; x_wconf 90' lang='grc' dir='ltr'><strong><em>ὀρθῶς</em></strong></span> 
     </span>
     <span class='ocr_line' id='line_1_33' title="bbox 221 3730 1175 3802; baseline 0.003 -17"><span class='ocrx_word' id='word_1_274' title='bbox 221 3736 255 3788; x_wconf 88' lang='grc' dir='ltr'><strong><em>Φ.</em></strong></span> <span class='ocrx_word' id='word_1_275' title='bbox 292 3731 322 3785; x_wconf 74' lang='grc' dir='ltr'><strong><em>οἵ</em></strong></span> <span class='ocrx_word' id='word_1_276' title='bbox 342 3752 414 3790; x_wconf 87' lang='grc' dir='ltr'><strong><em>τινες</em></strong></span> <span class='ocrx_word' id='word_1_277' title='bbox 437 3730 533 3801; x_wconf 82' lang='grc' dir='ltr'><strong><em>ὀρθῶς</em></strong></span> <span class='ocrx_word' id='word_1_278' title='bbox 558 3739 594 3789; x_wconf 87' lang='grc' dir='ltr'><strong><em>Μ.</em></strong></span> <span class='ocrx_word' id='word_1_279' title='bbox 672 3733 741 3802; x_wconf 77' lang='grc' dir='ltr'><strong><em>ἡμῖν</em></strong></span> <span class='ocrx_word' id='word_1_280' title='bbox 758 3737 989 3789; x_wconf 66' lang='grc' dir='ltr'><strong><em>ΔΒΟΨΦῨΜΗδ.</em></strong></span> <span class='ocrx_word' id='word_1_281' title='bbox 1026 3731 1092 3801; x_wconf 74' lang='grc' dir='ltr'><strong><em>ὑμῖν</em></strong></span> <span class='ocrx_word' id='word_1_282' title='bbox 1115 3737 1175 3788; x_wconf 74' lang='lat' dir='ltr'><strong><em>abc.</em></strong></span> 
     </span>
     <span class='ocr_line' id='line_1_34' title="bbox 219 3816 1254 3893; baseline 0.001 -20"><span class='ocrx_word' id='word_1_283' title='bbox 219 3819 345 3889; x_wconf 77' lang='grc' dir='ltr'><strong><em>βιοῦντες</em></strong></span> <span class='ocrx_word' id='word_1_284' title='bbox 362 3839 405 3874; x_wconf 83' lang='lat' dir='ltr'><strong><em>om</em></strong></span> <span class='ocrx_word' id='word_1_285' title='bbox 423 3824 506 3875; x_wconf 80' lang='grc' dir='ltr'><strong><em>ΔΒΨ.</em></strong></span> <span class='ocrx_word' id='word_1_286' title='bbox 587 3818 708 3893; x_wconf 72' lang='grc' dir='ltr'><strong><em>ἄριστοι]</em></strong></span> <span class='ocrx_word' id='word_1_287' title='bbox 734 3817 835 3888; x_wconf 78' lang='grc' dir='ltr'><strong><em>ἄριστα</em></strong></span> <span class='ocrx_word' id='word_1_288' title='bbox 853 3823 932 3874; x_wconf 79' lang='lat' dir='ltr'>ABG.</span> <span class='ocrx_word' id='word_1_289' title='bbox 1011 3818 1076 3877; x_wconf 82' lang='grc' dir='ltr'><strong><em>τοῦς</em></strong></span> <span class='ocrx_word' id='word_1_290' title='bbox 1097 3818 1199 3890; x_wconf 86' lang='grc' dir='ltr'><strong><em>γόητας</em></strong></span> <span class='ocrx_word' id='word_1_291' title='bbox 1223 3816 1254 3875; x_wconf 81' lang='grc' dir='ltr'><strong><em>δέ</em></strong></span> 
     </span>
     <span class='ocr_line' id='line_1_35' title="bbox 220 3903 1254 3976; baseline 0.004 -17"><span class='ocrx_word' id='word_1_292' title='bbox 220 3913 267 3960; x_wconf 72' lang='grc' dir='ltr'><strong><em>καὶ</em></strong></span> <span class='ocrx_word' id='word_1_293' title='bbox 286 3911 312 3959; x_wconf 88' lang='grc' dir='ltr'><strong><em>Φ</em></strong></span> <span class='ocrx_word' id='word_1_294' title='bbox 330 3916 400 3962; x_wconf 81' lang='lat' dir='ltr'>etv.</span> <span class='ocrx_word' id='word_1_295' title='bbox 434 3906 500 3963; x_wconf 79' lang='grc' dir='ltr'><strong><em>τοὺς</em></strong></span> <span class='ocrx_word' id='word_1_296' title='bbox 517 3903 598 3964; x_wconf 74' lang='grc' dir='ltr'><strong><em>ὄντας</em></strong></span> <span class='ocrx_word' id='word_1_297' title='bbox 621 3903 652 3960; x_wconf 78' lang='grc' dir='ltr'><strong><em>δέ</em></strong></span> <span class='ocrx_word' id='word_1_298' title='bbox 670 3905 726 3961; x_wconf 81' lang='grc' dir='ltr'><strong><em>κατ’</em></strong></span> <span class='ocrx_word' id='word_1_299' title='bbox 747 3912 830 3962; x_wconf 81' lang='grc' dir='ltr'><strong><em>ΔΒΨ.</em></strong></span> <span class='ocrx_word' id='word_1_300' title='bbox 907 3904 1108 3976; x_wconf 74' lang='grc' dir='ltr'><strong><em>ὀντεποιοῗντο]</em></strong></span> <span class='ocrx_word' id='word_1_301' title='bbox 1128 3908 1254 3963; x_wconf 81' lang='grc' dir='ltr'><strong><em>άντιποι·</em></strong></span> 
     </span>
     <span class='ocr_line' id='line_1_36' title="bbox 221 3990 1254 4064; baseline 0.004 -18"><span class='ocrx_word' id='word_1_302' title='bbox 221 3992 308 4047; x_wconf 84' lang='grc' dir='ltr'><strong><em>ῶνται</em></strong></span> <span class='ocrx_word' id='word_1_303' title='bbox 325 3998 388 4047; x_wconf 86' lang='grc' dir='ltr'><strong><em>ΦΜ.</em></strong></span> <span class='ocrx_word' id='word_1_304' title='bbox 468 3990 597 4064; x_wconf 81' lang='grc' dir='ltr'><strong><em>φεόγετε;</em></strong></span> <span class='ocrx_word' id='word_1_305' title='bbox 622 4022 657 4034; x_wconf 89' lang='grc'><strong>-</strong></span> <span class='ocrx_word' id='word_1_306' title='bbox 681 3990 830 4063; x_wconf 75' lang='grc' dir='ltr'><strong><em>ἁλλόμενοι</em></strong></span> <span class='ocrx_word' id='word_1_307' title='bbox 854 3990 1005 4062; x_wconf 79' lang='grc' dir='ltr'><strong><em>(ἁλῶμενοι</em></strong></span> <span class='ocrx_word' id='word_1_308' title='bbox 1026 3995 1069 4062; x_wconf 84' lang='grc' dir='ltr'><strong><em>Ψ]]</em></strong></span> <span class='ocrx_word' id='word_1_309' title='bbox 1093 3999 1156 4049; x_wconf 83' lang='lat' dir='ltr'>vido</span> <span class='ocrx_word' id='word_1_310' title='bbox 1180 4015 1254 4050; x_wconf 81' lang='grc' dir='ltr'><strong><em>ιοεεε</em></strong></span> 
     </span>
     <span class='ocr_line' id='line_1_37' title="bbox 221 4077 810 4153; baseline 0.003 -18"><span class='ocrx_word' id='word_1_311' title='bbox 221 4086 345 4146; x_wconf 69' lang='lat' dir='ltr'><strong>Quaem.</strong></span> <span class='ocrx_word' id='word_1_312' title='bbox 363 4100 390 4148; x_wconf 88' lang='lat' dir='ltr'><strong><em>p.</em></strong></span> <span class='ocrx_word' id='word_1_313' title='bbox 411 4083 470 4135; x_wconf 75' lang='lat'><strong><em>119.</em></strong></span> <span class='ocrx_word' id='word_1_314' title='bbox 542 4077 650 4151; x_wconf 83' lang='grc' dir='ltr'><strong><em>ὀλίγων]</em></strong></span> <span class='ocrx_word' id='word_1_315' title='bbox 668 4078 757 4153; x_wconf 80' lang='grc' dir='ltr'><strong><em>ὀλίγοι</em></strong></span> <span class='ocrx_word' id='word_1_316' title='bbox 778 4087 810 4137; x_wconf 87' lang='grc' dir='ltr'><strong><em>Ψ.</em></strong></span> 
     </span>
    </p>

    <p class='ocr_par' dir='ltr' id='par_1_7' title="bbox 221 4164 1254 4326">
     <span class='ocr_line' id='line_1_38' title="bbox 289 4164 1254 4238; baseline 0.001 -17"><span class='ocrx_word' id='word_1_317' title='bbox 289 4170 333 4221; x_wconf 79' lang='grc'><strong><em>45.</em></strong></span> <span class='ocrx_word' id='word_1_318' title='bbox 369 4164 401 4220; x_wconf 83' lang='grc' dir='ltr'><strong><em>σί</em></strong></span> <span class='ocrx_word' id='word_1_319' title='bbox 416 4188 458 4223; x_wconf 83' lang='lat' dir='ltr'><strong><em>om</em></strong></span> <span class='ocrx_word' id='word_1_320' title='bbox 481 4173 513 4221; x_wconf 90' lang='grc' dir='ltr'><strong><em>Ψ.</em></strong></span> <span class='ocrx_word' id='word_1_321' title='bbox 586 4168 752 4238; x_wconf 86' lang='grc' dir='ltr'><strong><em>ὀκονιάκος]</em></strong></span> <span class='ocrx_word' id='word_1_322' title='bbox 776 4168 791 4222; x_wconf 89' lang='grc' dir='ltr'><strong><em>ό</em></strong></span> <span class='ocrx_word' id='word_1_323' title='bbox 816 4169 925 4226; x_wconf 85' lang='grc' dir='ltr'><strong><em>κυνικός</em></strong></span> <span class='ocrx_word' id='word_1_324' title='bbox 945 4173 1005 4221; x_wconf 83' lang='grc' dir='ltr'><strong><em>ΨΦ.</em></strong></span> <span class='ocrx_word' id='word_1_325' title='bbox 1043 4178 1117 4224; x_wconf 80' lang='lat' dir='ltr'><strong>recte</strong></span> <span class='ocrx_word' id='word_1_326' title='bbox 1138 4173 1254 4227; x_wconf 79' lang='lat' dir='ltr'><strong>Gesner:</strong></span> 
     </span>
     <span class='ocr_line' id='line_1_39' title="bbox 221 4257 1254 4326; baseline 0 -17"><span class='ocrx_word' id='word_1_327' title='bbox 221 4260 350 4317; x_wconf 79' lang='lat' dir='ltr'><strong>,minutus</strong></span> <span class='ocrx_word' id='word_1_328' title='bbox 358 4259 404 4309; x_wconf 82' lang='lat' dir='ltr'>ille</span> <span class='ocrx_word' id='word_1_329' title='bbox 414 4257 543 4324; x_wconf 69' lang='lat' dir='ltr'><strong><em>cynicus.⁴</em></strong></span> <span class='ocrx_word' id='word_1_330' title='bbox 563 4260 632 4311; x_wconf 77' lang='lat' dir='ltr'><strong>alius</strong></span> <span class='ocrx_word' id='word_1_331' title='bbox 641 4261 826 4326; x_wconf 74' lang='lat' dir='ltr'>philosophus,</span> <span class='ocrx_word' id='word_1_332' title='bbox 836 4260 944 4312; x_wconf 81' lang='lat' dir='ltr'><strong>nomine</strong></span> <span class='ocrx_word' id='word_1_333' title='bbox 955 4260 1088 4325; x_wconf 75' lang='lat' dir='ltr'><strong>Cyniscus</strong></span> <span class='ocrx_word' id='word_1_334' title='bbox 1097 4262 1125 4310; x_wconf 87' lang='lat' dir='ltr'><strong><em>in</em></strong></span> <span class='ocrx_word' id='word_1_335' title='bbox 1141 4260 1254 4325; x_wconf 71' lang='lat' dir='ltr'>Cataplo</span> 
     </span>
    </p>
   </div>
   <div class='ocr_carea' id='block_1_5' title="bbox 221 4338 1255 4484">
    <p class='ocr_par' dir='ltr' id='par_1_8' title="bbox 221 4338 1255 4484">
     <span class='ocr_line' id='line_1_40' title="bbox 221 4338 1255 4415; baseline -0.004 -18"><span class='ocrx_word' id='word_1_336' title='bbox 221 4364 245 4397; x_wconf 82' lang='lat' dir='ltr'><strong><em>c.</em></strong></span> <span class='ocrx_word' id='word_1_337' title='bbox 256 4345 272 4397; x_wconf 83' lang='lat'><strong>7</strong></span> <span class='ocrx_word' id='word_1_338' title='bbox 282 4360 340 4411; x_wconf 71' lang='lat' dir='ltr'><strong>sqq.</strong></span> <span class='ocrx_word' id='word_1_339' title='bbox 361 4348 471 4412; x_wconf 73' lang='lat' dir='ltr'>egregio</span> <span class='ocrx_word' id='word_1_340' title='bbox 482 4346 607 4398; x_wconf 71' lang='lat' dir='ltr'><strong>laudatus</strong></span> <span class='ocrx_word' id='word_1_341' title='bbox 625 4352 674 4398; x_wconf 76' lang='lat' dir='ltr'><strong><em>est.</em></strong></span> <span class='ocrx_word' id='word_1_342' title='bbox 764 4341 824 4415; x_wconf 78' lang='grc' dir='ltr'><strong><em>φέρ’</em></strong></span> <span class='ocrx_word' id='word_1_343' title='bbox 845 4338 906 4411; x_wconf 83' lang='grc' dir='ltr'><strong><em>λ’διο]</em></strong></span> <span class='ocrx_word' id='word_1_344' title='bbox 920 4346 989 4397; x_wconf 77' lang='lat' dir='ltr'><strong>haee</strong></span> <span class='ocrx_word' id='word_1_345' title='bbox 1005 4348 1124 4397; x_wconf 75' lang='lat' dir='ltr'><strong>imitatus</strong></span> <span class='ocrx_word' id='word_1_346' title='bbox 1139 4351 1181 4397; x_wconf 78' lang='lat' dir='ltr'><strong><em>ost</em></strong></span> <span class='ocrx_word' id='word_1_347' title='bbox 1197 4346 1255 4395; x_wconf 80' lang='grc' dir='ltr'><strong><em>είνε</em></strong></span> 
     </span>
     <span class='ocr_line' id='line_1_41' title="bbox 1014 4426 1050 4484; baseline 0 -18"><span class='ocrx_word' id='word_1_348' title='bbox 1014 4426 1050 4484; x_wconf 59' lang='lat' dir='ltr'><strong><em>g*</em></strong></span> 
     </span>
    </p>
   </div>
   <div class='ocr_carea' id='block_1_6' title="bbox 0 0 1542 5162">
    <p class='ocr_par' dir='ltr' id='par_1_9' title="bbox 0 0 1542 5162">
     <span class='ocr_line' id='line_1_42' title="bbox 0 0 1542 5162; baseline 0 0"><span class='ocrx_word' id='word_1_349' title='bbox 0 0 1542 5162; x_wconf 95' lang='lat' dir='ltr'><strong><em> </em></strong></span> 
     </span>
    </p>
   </div>
  </div>
 </body>
</html>
