3108 5166
1260 381 1284 431 V

248 540 402 605 murnum
425 518 596 622 eloquin
627 556 699 607 oso
725 540 902 626 inteligas
956 542 1031 607 nm
1067 560 1287 629 nepem-oo

249 652 298 715 rel
326 652 356 713 iu
384 652 504 734 optimis
536 652 688 716 oodioihus
718 654 844 737 resdgiu
875 661 989 719 tontum
1020 658 1101 735 ueri,
1130 662 1190 722 ndu
1219 661 1285 741 ipso

249 766 361 827 veritas
370 764 567 826 resederunt:
590 764 619 825 iu
643 783 702 845 qua
718 765 852 828 eruenda
871 784 910 830 ne
927 768 1035 831 summi
1054 769 1173 850 onmem
1192 771 1285 834 ontiei

248 881 391 957 quonium
416 892 470 957 pur
492 881 540 936 est
562 877 706 957 temporis
729 876 1002 943 collosuresolent.
1030 879 1132 953 Qusre
1147 883 1285 961 equidem

248 990 277 1054 id
300 988 487 1069 potissimum
510 1004 592 1052 noro
613 988 734 1067 studeo,
761 1005 822 1051 uon
853 994 912 1053 tum
940 996 973 1055 ιιι
1001 992 1145 1056 leuissimi
1174 995 1285 1076 quique
1412 1081 1414 1085 y

248 1117 384 1178 errores,
404 1118 493 1180 quum
515 1106 549 1163 ιιι
570 1100 641 1162 vitiu
663 1100 830 1163 inveterate
851 1102 1123 1186 siredonjeoturee
1142 1123 1202 1187 ope
1220 1108 1286 1170 sire

249 1211 384 1275 oodioum
406 1230 448 1274 ox
469 1211 567 1275 medio
589 1212 739 1276 tolluntur.
775 1212 873 1276 Venio
890 1231 976 1278 nuno
997 1216 1035 1278 ud
1058 1235 1106 1295 es,
1129 1235 1207 1298 quse
1224 1218 1287 1295 „Du

249 1324 347 1387 Morte
366 1323 536 1406 Peregrini“
560 1324 720 1389 memoriae
743 1324 860 1406 prodito
883 1333 970 1403 suot,
993 1328 1042 1391 oui
1064 1327 1139 1392 libro
1161 1328 1286 1393 codicilli

249 1441 362 1499 tuntum
385 1435 510 1499 desunt:
532 1452 600 1497 uum
618 1436 797 1517 corruptelis
817 1436 957 1501 abundet.
988 1438 1136 1521 Principio
1155 1440 1185 1501 in
1203 1457 1286 1503 uou-

249 1546 515 1611 mulsedonum
542 1546 616 1609 liber
645 1548 767 1611 omnino
798 1564 950 1630 nunquam
984 1550 1117 1628 exstitit,
1147 1551 1286 1614 oonsulto

249 1680 314 1723 eum
338 1660 378 1722 oh
400 1676 521 1723 oausam
545 1660 1048 1741 omissus,qusetestet‘.12rbro
1072 1661 1159 1738 (Viti
1182 1678 1210 1743 p.
1223 1659 1286 1725 537

249 1771 333 1854 Rip)
362 1773 417 1851 „ln
448 1789 509 1835 nno
538 1790 580 1834 ex
601 1770 685 1834 MSS.
709 1770 804 1854 ΒΨ
835 1771 986 1848 (fortusse
1008 1773 1143 1837 Parisino
1167 1773 1210 1852 G)
1241 1774 1286 1836 iris
1391 1758 1393 1762 ’

250 1884 352 1946 uerbis
379 1883 466 1946 allelu
496 1888 561 1945 est:
595 1885 768 1961 „emendo
796 1880 942 1967 παρείθη
976 1883 1083 1949 ἑκοντὶ
1111 1884 1193 1969 ὅπερ
1220 1884 1287 1951 dori

248 1992 450 2081 Περεγρίνου
469 1990 729 2081 τελευιῆςλὸγου
748 1990 802 2059 deni
822 1991 861 2059 nd
884 1992 1041 2082 ἐντούτῳ
1059 1993 1286 2063 ἀποσκώπτων

249 2112 294 2181 sic
314 2103 375 2173 mis
385 2100 680 2191 mammraopdrs
725 2107 885 2171 Praetores
908 2108 999 2173 otium
1017 2108 1127 2173 Suidrs
1148 2127 1174 2175 s.
1193 2108 1287 2174 Aoo-

247 2215 358 2292 κιανὸς
380 2220 410 2281 iu
432 2218 508 2283 libro
531 2225 637 2281 nostro
667 2218 843 2302 religionem
872 2219 1066 2283 christianum
1094 2222 1234 2304 epitetum
1256 2228 1288 2285 ot

247 2333 305 2413 ipsi
335 2331 455 2395 Christo
489 2331 675 2394 urelediotum
706 2348 776 2394 esse
807 2331 986 2414 grauissime
1014 2332 1195 2415 indignatur.
1240 2332 1287 2394 do

248 2451 330 2507 certo
353 2444 389 2506 uir
412 2444 510 2507 moltis
533 2442 629 2519 codd,
653 2443 704 2524 qui
727 2443 799 2505 olins
822 2442 989 2524 plenissimi
1009 2449 1096 2521 snut,
1119 2443 1167 2505 irio
1189 2446 1286 2505 tomen

249 2557 323 2617 liber
346 2556 439 2633 abest,
462 2562 496 2619 ιιι
516 2554 554 2616 sb
577 2554 746 2617 Grseriono
770 2553 850 2631 (V),
874 2554 1047 2619 Florentino
1071 2552 1159 2632 (Φ),
1182 2552 1286 2617 Gorll·

248 2668 331 2731 oensi
363 2667 438 2744 (Δ).
495 2667 605 2729 Temen
637 2683 744 2747 mogus
775 2666 911 2729 oodioum
941 2683 1011 2746 pors
1049 2665 1129 2729 huno
1165 2684 1287 2747 quoque

248 2780 352 2843 librum
381 2778 419 2842 ab
447 2779 534 2841 initio
560 2778 710 2861 integrum
741 2778 897 2859 oomploxn
928 2783 1010 2855 erut,
1040 2777 1070 2839 id
1100 2778 1179 2859 qnod
1210 2783 1242 2840 et
1269 2797 1288 2841 e

248 2890 428 2954 scholiorum
446 2890 622 2974 fragmentis
641 2895 673 2951 et
689 2906 766 2952 vero
784 2889 1000 2972 esiugolorum
1020 2889 1162 2953 librorum
1180 2887 1287 2967 testim,

249 3005 299 3084 qui
321 3004 352 3065 in
375 3003 527 3084 plerisque
550 3002 637 3069 oodd.
659 3007 818 3083 superest,
848 3007 934 3065 corto
960 3006 1097 3083 apparet.
1141 3000 1183 3063 ltu
1208 2999 1287 3063 buno

248 3114 354 3179 numm
377 3113 539 3178 tuomum
560 3111 604 3176 td
633 3112 707 3192 (Γ)
737 3113 898 3190 habuerat,
927 3114 1014 3195 eujus
1044 3112 1132 3175 indioi
1162 3117 1288 3176 auotore

248 3227 275 3290 J.
298 3226 438 3289 lisssone
462 3227 494 3302 (l
516 3246 545 3309 p.
568 3225 658 3289 Cidli
678 3224 802 3301 Loim.)
823 3230 854 3287 et
876 3224 942 3307 ipse
963 3225 1097 3288 insertur
1120 3229 1169 3286 ost
1187 3240 1287 3305 neque

249 3340 286 3401 alr
315 3339 457 3403 llussone
485 3340 517 3400 io
545 3338 603 3400 iilis
637 3355 746 3401 norem
777 3341 971 3414 numeretur,
999 3352 1078 3417 quos
1107 3334 1182 3399 dixit
1202 3334 1287 3397 solos

249 3451 367 3515 deesse.
412 3452 504 3516 Certo
532 3450 726 3532 Peregrinum
758 3449 902 3512 debueret
930 3448 1019 3511 etiem
1043 3447 1286 3512 vindobonensis

253 3563 312 3625 123
336 3563 414 3642 (B),
441 3570 474 3627 ut
502 3562 667 3626 tooobitios
697 3561 728 3623 in
758 3561 853 3624 Proef.
870 3576 915 3642 p.
938 3560 993 3622 xv
1023 3566 1107 3623 route
1131 3558 1287 3641 judiouuit,

248 3676 379 3758 itemque
404 3674 539 3738 Venetus
564 3672 626 3737 4³4
651 3671 745 3753 (dl),
775 3674 861 3755 cnjus
893 3672 983 3737 index
1011 3672 1049 3737 eb
1077 3671 1105 3733 J.
1129 3670 1287 3734 Sommer-

250 3789 368 3851 trodno
401 3789 430 3849 in
460 3786 535 3851 lius.
558 3785 653 3849 Rheo.
677 3784 746 3848 xlv
777 3804 805 3866 p.
836 3783 900 3846 613
931 3801 978 3865 sq.
1013 3783 1103 3858 (sive
1133 3783 1162 3843 in
1193 3779 1286 3845 Godd

250 3901 341 3963 lieno.
367 3901 461 3963 Lecti.
494 3919 522 3981 p.
548 3898 633 3974 Vlil)
668 3897 829 3979 protertur.
881 3894 1156 3959 Summerlrrodtios
1189 3898 1288 3955 temen

248 4015 290 4075 ita
309 4014 391 4094 loqui
415 4012 542 4089 uidetur,
571 4011 658 4092 quasi
682 4009 865 4093 Peregrinus
894 4008 924 4069 io
950 4005 992 4071 ,Ω
1019 4006 1118 4070 adhue
1151 4005 1287 4087 supersit

249 4144 379 4206 eumque
402 4124 522 4187 luuriro
550 4124 663 4185 sitienti
693 4122 795 4185 lloeet:
827 4120 865 4184 ds
893 4138 954 4201 quo
977 4117 1139 4183 subdubito
1172 4136 1287 4183 memor

251 4234 404 4299 Ovidisni:
427 4254 509 4315 „non
533 4236 631 4301 lumen
650 4240 769 4316 (nequo
787 4233 867 4296 enim
886 4238 1059 4313 superest),
1082 4230 1146 4293 loon
1170 4230 1287 4294 luminis

248 4347 389 4415 heumt“.'
426 4348 545 4413 Etenim
561 4348 622 4431 jum
646 4365 672 4410 r.
698 4343 800 4424 toln,
821 4363 912 4427 quum
935 4344 1064 4426 primurn
1091 4342 1130 4407 ob
1157 4340 1289 4423 morun-
