3050 5160
483 994 1037 1077 PROLEGOMENA

738 1177 787 1233 ns

596 1314 923 1413 summumne.

661 1487 868 1501 mm

725 1613 798 1692 51.

339 1732 396 1800 De
418 1731 666 1799 Hermotimo
688 1730 855 1818 dialogo
879 1731 919 1798 in
941 1732 1183 1802 universum.
1324 1792 1325 1795 ,

328 1889 378 1955 Ex
399 1875 545 1956 omnibus
566 1888 700 1955 Luoiani
722 1887 859 1975 dialogis
886 1890 940 1957 ille
968 1910 1048 1959 unns
1070 1910 1141 1959 esse
1162 1893 1282 1979 gravis·

243 2011 340 2079 simum
362 2010 486 2097 dieitur,
509 2011 560 2077 oui
581 2010 711 2077 nomina
731 2009 808 2078 data
829 2018 918 2079 sunt:
934 2008 1148 2098 Ἑρμότιμος
1165 2010 1188 2097 ἢ
1207 2015 1281 2098 περὶ

243 2132 407 2217 αἱρέσεων.
443 2133 584 2199 Fuerunt
601 2132 696 2218 euim,
717 2133 772 2217 qni
793 2133 954 2200 satirieum
976 2133 1164 2221 castiganda
1181 2134 1282 2221 philo-

243 2253 358 2342 sophia
374 2254 479 2341 ipsum
497 2274 532 2321 se
549 2242 773 2342 philosophum
792 2254 973 2322 exhibuisse
990 2262 1139 2341 putarent
1153 2256 1282 2322 minime

244 2375 516 2444 eonamnendum.
563 2374 647 2443 Illud
668 2396 744 2443 vero
766 2396 877 2444 omnes
897 2378 964 2443 iere
985 2398 1048 2443 uno
1070 2398 1125 2444 ore
1146 2378 1282 2465 professi

244 2503 326 2584 sunt,
353 2498 523 2564 maximam
545 2498 619 2564 huie
640 2496 768 2584 dialogo
790 2497 917 2566 laudem
939 2498 1181 2585 impertiendam
1204 2519 1282 2568 esse.

243 2619 327 2687 Nam
355 2619 407 2685 hie
435 2619 661 2705 dialogusres
689 2626 738 2686 est
766 2620 866 2706 sena,
898 2640 962 2687 non
987 2619 1117 2703 jooosn:
1150 2621 1184 2687 in
1218 2641 1280 2704 quo

243 2741 389 2808 satiricus
410 2762 528 2827 magna
549 2741 728 2808 urbanitate
749 2740 899 2828 disputat,
921 2762 985 2808 nou
999 2760 1119 2808 merum
1137 2742 1187 2827 (ut
1204 2741 1282 2808 alibi

244 2863 339 2947 solet)
367 2864 435 2949 agit
462 2882 611 2930 seurram.
666 2863 749 2928 Tum
777 2863 811 2929 in
838 2863 893 2930 via
918 2860 1095 2930 disserendi
1116 2863 1283 2930 Platonem

244 3004 336 3050 suum
356 2984 475 3071 optime
496 2984 613 3051 imitari
635 2991 740 3071 potest
760 2983 863 3052 videri
884 2991 917 3050 et
938 2985 1041 3070 magis
1062 2984 1156 3052 etiam
1171 2984 1282 3052 Socra·

244 3112 320 3190 tem,
336 3105 390 3188 qui
405 3105 614 3193 philosophus
630 3104 673 3172 ad
690 3106 925 3191 coarguendum
940 3114 1009 3173 erat
1022 3105 1280 3193 captiosissimus.

244 3225 391 3310 Denique
408 3226 515 3293 mirari
533 3227 608 3293 lieet
625 3228 779 3294 sermonis
790 3228 969 3315 puritatem,
985 3228 1135 3295 attioismi
1149 3224 1283 3295 veneres

246 3348 410 3432 omnisque
427 3354 529 3415 artem
547 3349 794 3436 compositionis,
810 3356 846 3416 ut
862 3348 1023 3437 dialogum
1039 3348 1146 3417 dieere
1162 3348 1283 3416 audeas

244 3470 278 3537 in
301 3489 358 3536 suo
379 3488 497 3556 genere
518 3491 619 3558 prope
640 3470 823 3558 perfeetum.
876 3471 968 3551 Quod
997 3471 1058 3539 viri
1079 3470 1165 3538 dooti
1186 3491 1282 3554 quum

244 3592 326 3659 bene
347 3590 511 3679 vidissent,
539 3612 604 3659 non
632 3591 791 3659 debebant
818 3598 924 3660 tamen
953 3593 987 3659 in
1010 3611 1189 3660 summare
1211 3610 1283 3657 oum

244 3714 385 3781 Luoiano
408 3714 586 3781 eonsentire
607 3733 709 3798 neque
738 3714 843 3802 ipsum
871 3720 1090 3800 argumentum
1118 3711 1284 3779 dilaudnre

245 3836 337 3919 quasi
358 3835 436 3902 utile
457 3841 490 3902 et
510 3834 614 3903 bonae
634 3836 728 3922 frugi.
761 3833 843 3901 Vide
864 3836 916 3903 vel
928 3832 1131 3901 Wielandum
1147 3833 1283 3919 (Lueian

246 3955 323 4022 ΤΤ
345 3978 375 4043 p.
398 3958 419 4023 3
441 3957 512 4042 so),
534 3957 725 4024 Sehoellium
748 3955 816 4044 (Gr.
839 3955 1027 4023 LitGeseh.
1051 3955 1090 4021 Τ.
1111 3955 1144 4021 Π
1165 3978 1196 4043 p.
1217 3956 1283 4022 482

247 4073 296 4142 ed.
318 4075 443 4163 Pind),
476 4077 715 4146 Sohmiederum
747 4076 804 4165 (ad
826 4077 957 4145 Luoian.
979 4077 1018 4146 Τ.
1040 4077 1058 4142 Ι
1083 4097 1116 4163 p.
1139 4077 1219 4162 340)
1252 4084 1284 4143 et

247 4194 466 4264 Lehmannum
486 4199 542 4285 (Τ.
563 4200 608 4266 Ν
629 4222 660 4287 p.
683 4203 728 4288 3).
781 4199 879 4285 Atqui
899 4196 1061 4267 Lucienus
1088 4219 1153 4265 non
1181 4198 1283 4266 solum

246 4322 406 4384 serarum
431 4318 519 4387 fixae
545 4321 721 4408 vituperat,
754 4319 812 4389 sed
839 4321 985 4410 praeoise
1011 4324 1110 4406 negat
1135 4318 1170 4386 id
1198 4317 1284 4403 quod
