3108 5166
298 346 322 395 X

299 513 380 577 multi
403 512 490 578 uobis
512 511 648 574 certatim
676 511 799 575 adscmi
829 516 918 590 suut,
947 511 981 575 C.
1006 512 1053 576 Fr.
1082 511 1271 575 tioruuuaus
1301 514 1337 575 ad

298 628 370 690 buc.
399 625 445 688 Dc
467 624 594 687 consor.
618 624 692 688 illst.
722 643 753 705 p.
776 622 804 685 Χ
825 641 891 705 ιφ,
922 623 955 686 G.
975 620 1014 686 o.
1037 623 1172 689 lacobus
1200 625 1237 688 ad
1266 626 1337 689 Luc.

298 738 445 801 Alexand.
470 737 588 817 Proieg.
612 754 640 817 p.
664 734 774 797 xxvu
797 742 829 799 et
850 736 879 797 in
903 736 922 797 l.
945 735 1079 816 OEbotoit.
1098 740 1125 801 b.
1144 735 1211 802 luc.
1232 756 1261 817 p.
1277 734 1338 799 too

296 869 382 932 sup,
413 848 685 914 Somurarbrodtius
709 846 746 909 ad
769 846 891 910 Luciau.
915 847 926 909 Ι
957 846 1126 930 Prolcpom.
1158 867 1187 928 p.
1211 846 1337 910 xxvlu

297 980 383 1043 susp,
406 960 540 1042 inprimis
564 977 638 1022 vcro
661 958 703 1036 is,
726 977 815 1039 quoru
845 976 924 1022 anno
954 965 1025 1041 post
1054 959 1188 1022 Kbbnius
1218 960 1335 1041 quidam

296 1073 490 1136 Grimrocusis
521 1070 706 1152 compilavit,
739 1070 773 1132 E.
800 1070 981 1134 Burmoistcr
1011 1088 1096 1134 mous
1126 1074 1181 1147 (iu
1210 1072 1335 1154 egregio

294 1185 410 1249 libello:
438 1184 625 1264 „buciacum
653 1183 773 1263 scriptis
797 1184 860 1246 suis
879 1183 971 1245 libros
994 1201 1101 1245 sacros
1123 1184 1255 1247 irrisisse
1275 1200 1335 1246 oe-

295 1301 412 1380 gatur.“
441 1296 631 1373 Gustrouiac,
647 1292 759 1371 18⁴3).
806 1294 883 1358 Sunt
906 1301 1003 1358 tomen
1028 1313 1109 1359 nuuc
1131 1312 1264 1377 quoque,
1285 1296 1335 1375 qui

294 1409 333 1472 dc
360 1408 481 1472 buciaui
511 1406 709 1488 Philopsaudc
742 1407 873 1487 iniquius
904 1408 1039 1487 judicare
1069 1414 1208 1490 pergant.
1260 1407 1335 1469 Nam

295 1521 456 1602 theologos
479 1518 639 1583 nonnullos
663 1520 730 1599 quis
754 1519 852 1581 nescit
873 1519 901 1581 id
925 1519 1051 1598 babere,
1076 1525 1109 1583 ut
1137 1538 1177 1582 uc
1199 1520 1333 1582 incredi-

296 1633 361 1696 bilia
385 1632 503 1714 quidem
527 1631 652 1693 credere
675 1630 822 1694 desistant
844 1638 1026 1711 ueteresque
1045 1632 1127 1696 avias
1148 1631 1335 1696 nullomodo

296 1744 400 1807 revelli
423 1744 480 1805 sibi
503 1741 675 1824 patiantur?
720 1743 793 1807 iliud
817 1743 973 1821 miramur,
997 1744 1094 1807 uirum
1116 1744 1225 1826 alioqui
1256 1760 1334 1824 pru-

296 1856 414 1919 dentem
443 1856 595 1918 inuentum
627 1871 714 1933 esse,
748 1856 798 1937 qui
832 1856 987 1919 obsoletos
1017 1857 1093 1918 istos
1124 1855 1334 1936 theologorum

295 1983 416 2031 errorcs
439 1966 495 2029 sibi
524 1965 727 2029 defendendos
757 1972 891 2049 putaret,
915 1968 971 2029 Ad.
996 1967 1167 2030 Piaoclriuru
1196 1966 1333 2042 („lutiou

296 2085 353 2145 uuo
376 2084 431 2144 bot
449 2077 677 2158 bbulitratbum‘*
700 2079 729 2139 iu
753 2079 868 2141 diariis:
892 2066 1180 2159 ῖ6ι61.(ιδιιιυίιίιιι.
1199 2076 1332 2144 Ωτίιίῐιιι.

295 2189 404 2272 supp
430 2189 522 2268 τιτι,
546 2189 576 2254 4.
595 2188 665 2272 pep
688 2209 717 2271 p.
741 2170 922 2267 sac-'902'
947 2190 996 2252 uu
1019 2190 1089 2251 true
1113 2187 1216 2270 μευ
1239 2194 1332 2269 sup).

295 2302 389 2383 liujus
414 2302 540 2364 inaximo
561 2303 685 2385 generis
708 2309 874 2365 oomruerrta
887 2303 999 2382 passim
1022 2301 1179 2364 refutanda
1196 2303 1332 2382 suscepi:

295 2414 406 2496 placuit
423 2415 501 2477 cuim
520 2420 578 2476 taur
596 2415 762 2476 temerariis
782 2414 881 2476 litibus
893 2412 981 2476 tinem
994 2413 1154 2494 aliquando
1166 2413 1331 2494 imponere.

294 2526 338 2589 lta
361 2525 478 2588 demum
500 2542 627 2608 sperare
651 2524 718 2588 licet
740 2525 871 2589 futurum
893 2542 982 2604 csso,
1012 2531 1046 2588 ut
1072 2530 1104 2587 et
1126 2524 1332 2607 Phitopseuois

295 2638 426 2701 editores
461 2642 492 2700 et
524 2639 581 2718 ipsi
616 2637 747 2719 tbpoiopi
781 2636 902 2700 ludicris
941 2636 1179 2718 scurrilibusque
1212 2636 1332 2699 Luciaui

294 2749 515 2813 narrationibus
539 2748 657 2812 tandem
680 2748 819 2811 desinant
842 2749 932 2811 libros
956 2766 1062 2812 sacros
1084 2750 1221 2811 inserere
1243 2754 1332 2828 atquc

295 2862 422 2926 divinos.
477 2861 600 2937 Restat,
628 2866 662 2925 ot
685 2860 830 2937 tabulam,
860 2880 919 2941 qua
948 2868 978 2923 et
1010 2861 1143 2943 uulgaris
1174 2866 1206 2921 et
1228 2864 1331 2922 nostra

294 2976 436 3039 librorum
460 2974 618 3055 dispositio
641 2974 839 3049 cuubrtaatur,
862 2973 1030 3054 subjiciam:

1012 3087 1095 3151 vulgo
1114 3088 1207 3136 ordina
1242 3100 1313 3135 niuno

291 3151 499 3237 Ἀλέξανδρος
517 3197 1003 3216 .......................
1053 3188 1093 3198 -
1140 3150 1181 3212 32
1228 3186 1261 3197 -
1311 3149 1330 3210 [ι

295 3268 370 3353 περὶ
393 3271 452 3350 τῆς
474 3261 676 3352 Περεγρίνου
696 3262 845 3347 τελευτῆς
862 3309 1001 3328 .......
1054 3302 1090 3312 -
1138 3260 1180 3324 68
1229 3298 1261 3308 -
1311 3260 1330 3321 6

295 3373 494 3465 φιλοψευδὴς
514 3372 537 3459 ἢ
560 3373 706 3440 ἀπιστῶν
734 3421 871 3439 .......
886 3420 1002 3465 Ψ...
1053 3412 1092 3421 -
1139 3373 1180 3435 62
1225 3410 1264 3419 --
1310 3368 1331 3433 6

295 3490 457 3574 περὶτῶν
479 3486 667 3572 ἐπὶμισθῴ
690 3485 856 3553 συνόντων
863 3534 1001 3550 .......
1059 3522 1092 3535 -
1142 3486 1180 3549 17
1226 3522 1264 3532 -
1310 3482 1331 3546 7

296 3598 458 3689 ἀπολογία
473 3634 1090 3663 ..........................
1142 3596 1181 3658 18
1224 3630 1263 3643 -—
1310 3595 1330 3655 8

372 3749 544 3815 Scribebam
567 3747 720 3811 Rostoohii
744 3765 848 3811 manso
870 3747 961 3810 Juuio
990 3765 1016 3807 a.
1039 3741 1261 3807 MDCCCLXH.

635 4062 991 4083 Μ*-
