3086 5154
1226 421 1268 477 IX

210 608 334 697 ¹lilRT:
363 627 436 672 nam
466 606 665 691 Longoliona
694 606 751 691 (U)
780 605 882 671 rarius
909 611 1130 672 memorantur.
1182 604 1268 672 Satis

229 734 353 794 constat
374 727 510 813 optimos
533 746 674 810 quosque
696 725 822 792 codices
845 747 940 809 quam
958 732 1063 811 potest
1083 727 1269 812 saepissime

228 856 283 915 aut
304 849 401 934 plane
423 846 601 930 sequendos
613 854 669 912 aut
686 847 798 913 leniter
813 846 1014 933 corrigendos
1028 867 1107 913 esse.
1151 848 1268 912 Verum

228 969 393 1035 deterioris
414 974 509 1034 notae
532 967 694 1033 codicibus
722 966 879 1050 quomodo
901 966 1051 1032 utendum
1082 967 1132 1050 sit,
1161 987 1180 1032 e
1200 967 1268 1033 Pis·

229 1097 335 1155 eatore
362 1095 395 1154 et
420 1087 536 1174 partim
565 1108 583 1154 e
613 1088 845 1173 Necyomantia
875 1087 1009 1171 intelligi
1038 1093 1151 1174 potest.
1207 1086 1268 1164 Qui

229 1209 356 1276 codices
378 1210 406 1274 si
428 1229 468 1274 ex
490 1208 664 1295 archetypo
686 1215 717 1273 et
739 1229 777 1274 eo
802 1209 969 1294 superstite
991 1216 1026 1274 ut
1053 1209 1086 1273 in
1108 1208 1267 1292 Aeschylo

228 1352 247 1396 e
269 1330 338 1396 cod.
355 1329 504 1396 Medieeo·
520 1350 629 1394 ornnes
652 1329 803 1415 descripti
824 1336 905 1414 sunt,
928 1330 983 1396 vix
1005 1329 1101 1395 ullam
1123 1328 1269 1395 adferunt

228 1451 405 1517 utilitatem.
454 1450 520 1515 Sed
547 1451 581 1515 in
604 1451 768 1536 permultis
789 1450 994 1537 scriptoribus
1023 1470 1118 1533 quum
1144 1451 1269 1535 graccis

228 1580 295 1638 tum
318 1573 413 1638 etiam
434 1572 551 1655 latinis,
579 1572 718 1637 velutin
741 1572 776 1637 Ο.
798 1573 901 1637 Plinio
923 1570 1069 1636 Secundo
1091 1578 1123 1637 et
1144 1571 1177 1636 in
1195 1571 1268 1636 Sex,

228 1694 356 1761 Aurelio
377 1692 543 1778 Propertio
565 1714 584 1758 e
607 1692 717 1758 codice
738 1693 913 1779 archetypo
943 1699 1094 1776 tanquam
1121 1713 1161 1758 ex
1182 1694 1268 1758 tonte

228 1815 291 1880 duo
319 1816 405 1899 iique
434 1814 529 1900 plane
556 1814 639 1878 inter
667 1834 702 1880 se
730 1813 847 1880 diversi
876 1814 1021 1880 codicum
1056 1814 1150 1878 rivuli
1184 1833 1268 1879 ema-

227 1943 350 2019 narunt,
378 1936 424 2001 ita
454 1942 489 2000 ut
515 1940 660 2000 neutrum
688 1955 790 2019 genus
815 1936 856 2000 ab
885 1936 984 2001 altero
1014 1934 1080 1999 ulla
1111 1955 1150 2000 ex
1177 1940 1268 2021 parte

231 2076 419 2143 suspensum
440 2055 490 2121 sit.
540 2057 674 2121 Prorsus
703 2055 816 2122 endem
842 2077 894 2122 res
922 2056 956 2120 in
976 2056 1151 2121 Lucianum
1173 2054 1267 2139 eadit,

228 2177 320 2262 cujus
352 2176 527 2262 archetypo
559 2175 655 2242 hodie
696 2177 814 2243 omisso
854 2178 888 2241 in
920 2177 1083 2243 Piscatore
1121 2176 1269 2241 meliores

229 2296 575 2383 concedemus)
597 2318 637 2362 ex
662 2298 725 2362 alio
747 2298 834 2363 fonte
850 2296 1016 2381 fluxerunt,
1039 2316 1080 2362 ex
1100 2296 1164 2361 alio
1181 2296 1268 2361 fonte

228 2419 400 2485 deteriores
422 2418 581 2503 (ΦΜΒΤ).
626 2416 728 2495 Quam
750 2426 915 2500 utramque
936 2417 1088 2482 familiam
1116 2436 1212 2499 quum
1233 2416 1267 2480 in

231 2539 372 2605 Luoiano
395 2538 470 2603 olim
499 2539 564 2623 (vel
586 2539 619 2602 in
641 2538 741 2623 Epist.
760 2538 835 2603 Crit.
864 2559 896 2624 p.
918 2538 1020 2622 XLV)
1044 2536 1266 2614 (inunxissem,

228 2658 268 2725 de
297 2659 431 2743 singulis
459 2666 566 2724 tamen
595 2658 675 2724 locis
704 2657 890 2744 saepissime
917 2658 1070 2743 dubitavi,
1098 2665 1268 2744 propterea

228 2779 313 2863 quod
350 2780 455 2845 nullus
488 2779 631 2846 codicum
668 2779 856 2845 deteriorum
890 2798 930 2846 ac
958 2798 1000 2844 ne
1032 2778 1064 2842 M
1091 2778 1218 2861 quidem
1246 2800 1267 2844 o

229 2900 340 2966 Belino
363 2900 445 2966 bene
467 2900 609 2967 conlatus
632 2906 709 2966 erat.
752 2901 846 2966 Nunc
867 2906 973 2966 autem
994 2918 1076 2964 unus
1097 2898 1151 2963 ille
1174 2918 1267 2982 quem

229 3041 325 3107 supro
346 3019 413 3086 dixi
428 3020 530 3087 codex
548 3020 578 3084 Φ
594 3040 718 3086 onmem
732 3021 916 3106 plerumque
931 3021 1013 3085 tollit
1028 3018 1266 3085 dubitationem.

229 3136 362 3206 Omissis
384 3141 480 3226 igitur
500 3140 701 3224 antiquorum
731 3142 877 3206 vitiorum
907 3139 1049 3224 medelis,
1078 3160 1161 3222 quae
1188 3140 1267 3206 vitia

228 3262 261 3326 in
286 3260 442 3328 deteriore
470 3262 579 3328 codiee
608 3261 763 3327 interdurn
794 3263 912 3348 optime
940 3266 1082 3326 conecto
1103 3268 1184 3346 sunt
1206 3261 1267 3326 hoc

228 3382 299 3448 loco
341 3382 502 3466 utriusque
552 3383 696 3449 codicum
735 3382 861 3467 generis
901 3388 934 3447 et
972 3379 1189 3448 additamenta
1236 3389 1268 3447 et

229 3503 415 3569 omissiones
457 3502 594 3570 breviter
634 3503 808 3589 adtingam.
870 3503 912 3568 Et
950 3503 983 3568 in
1016 3502 1108 3568 unius
1140 3501 1267 3585 quidem

228 3622 401 3689 duorumve
422 3624 589 3691 verborum
611 3623 835 3691 additamentis
857 3624 885 3690 si
906 3622 994 3689 aliud
1012 3624 1159 3689 meliores
1175 3622 1266 3688 codd.

228 3744 346 3811 habent
364 3745 452 3811 aliud
467 3745 648 3831 deteriores,
666 3766 798 3832 perraro
810 3752 977 3828 utrumque
999 3742 1266 3830 comprobandum

222 3873 285 3950 est,
309 3866 400 3950 cujus
423 3867 468 3933 rei
489 3867 522 3932 in
544 3867 600 3933 Bis
611 3868 768 3933 decusato
792 3887 819 3932 o.
844 3868 885 3932 10
906 3865 1085 3952 exemplum
1106 3865 1267 3932 invenisse

109 4068 112 4073 Ι
228 3986 347 4053 videor.
408 3988 489 4053 Item
530 4009 601 4053 roro
643 3988 835 4054 deteriorum
872 3987 1121 4054 additamentum
1161 3995 1266 4072 spreto

228 4109 327 4174 altero
350 4108 449 4194 recipi
471 4107 579 4175 debet:
613 4129 794 4193 quanquam
826 4116 883 4195 est,
906 4109 960 4175 ubi
981 4108 1152 4174 deteriores
1174 4108 1266 4175 codd.

228 4230 392 4296 meliorum
413 4229 499 4296 vitiis
512 4230 603 4296 liberi
617 4230 857 4316 permanserint.
900 4229 965 4296 Sed
983 4250 1079 4314 quum
1093 4228 1266 4296 deteriores
