<?xml version="1.0" encoding="UTF-8"?>
<!DOCTYPE html PUBLIC "-//W3C//DTD XHTML 1.0 Transitional//EN"
    "http://www.w3.org/TR/xhtml1/DTD/xhtml1-transitional.dtd">
<html xmlns="http://www.w3.org/1999/xhtml" xml:lang="en" lang="en">
 <head>
  <title>
</title>
<meta http-equiv="Content-Type" content="text/html;charset=utf-8" />
  <meta name='ocr-system' content='tesseract 3.04.00' />
  <meta name='ocr-capabilities' content='ocr_page ocr_carea ocr_par ocr_line ocrx_word'/>
</head>
<body>
  <div class='ocr_page' id='page_1' title='image "./lucianussamosat00fritgoog_0707.png"; bbox 0 0 3046 5166; ppageno 0'>
   <div class='ocr_carea' id='block_1_1' title="bbox 625 310 1341 455">
    <p class='ocr_par' dir='ltr' id='par_1_1' title="bbox 625 310 1341 455">
     <span class='ocr_line' id='line_1_1' title="bbox 625 310 1341 455; baseline -0.001 -45"><span class='ocrx_word' id='word_1_1' title='bbox 625 355 676 411; x_wconf 80' lang='lat' dir='ltr'><strong>sn</strong></span> <span class='ocrx_word' id='word_1_2' title='bbox 702 310 900 411; x_wconf 68' lang='lat' dir='ltr'><strong>hommum</strong></span> <span class='ocrx_word' id='word_1_3' title='bbox 962 414 967 422; x_wconf 68' lang='grc'><strong>,</strong></span> <span class='ocrx_word' id='word_1_4' title='bbox 1175 351 1281 409; x_wconf 84' lang='lat' dir='ltr'><strong>xxvn</strong></span> <span class='ocrx_word' id='word_1_5' title='bbox 1330 438 1341 455; x_wconf 22' lang='grc' dir='ltr'><strong><em>κ</em></strong></span> 
     </span>
    </p>
   </div>
   <div class='ocr_carea' id='block_1_2' title="bbox 156 506 1331 3022">
    <p class='ocr_par' dir='ltr' id='par_1_2' title="bbox 156 506 1331 3022">
     <span class='ocr_line' id='line_1_2' title="bbox 245 506 1282 596; baseline -0.001 -17"><span class='ocrx_word' id='word_1_6' title='bbox 245 512 383 579; x_wconf 85' lang='lat' dir='ltr'><strong>culative</strong></span> <span class='ocrx_word' id='word_1_7' title='bbox 413 507 619 596; x_wconf 83' lang='lat' dir='ltr'><strong>Philosophia</strong></span> <span class='ocrx_word' id='word_1_8' title='bbox 650 529 719 575; x_wconf 85' lang='lat' dir='ltr'><strong>war</strong></span> <span class='ocrx_word' id='word_1_9' title='bbox 749 506 890 577; x_wconf 84' lang='lat' dir='ltr'><strong>Luciam</strong></span> <span class='ocrx_word' id='word_1_10' title='bbox 920 506 1024 575; x_wconf 86' lang='lat' dir='ltr'><strong>Saohe</strong></span> <span class='ocrx_word' id='word_1_11' title='bbox 1055 508 1162 576; x_wconf 87' lang='lat' dir='ltr'><strong>nieht‘.</strong></span> <span class='ocrx_word' id='word_1_12' title='bbox 1216 509 1282 578; x_wconf 78' lang='lat' dir='ltr'><strong>Sed</strong></span> 
     </span>
     <span class='ocr_line' id='line_1_3' title="bbox 245 628 1281 717; baseline -0.003 -16"><span class='ocrx_word' id='word_1_13' title='bbox 245 633 372 702; x_wconf 84' lang='lat' dir='ltr'><strong>laudem</strong></span> <span class='ocrx_word' id='word_1_14' title='bbox 394 652 490 716; x_wconf 90' lang='lat' dir='ltr'><strong>quum</strong></span> <span class='ocrx_word' id='word_1_15' title='bbox 511 630 577 697; x_wconf 90' lang='lat' dir='ltr'><strong>alia</strong></span> <span class='ocrx_word' id='word_1_16' title='bbox 595 636 757 699; x_wconf 89' lang='lat' dir='ltr'><strong>merentur</strong></span> <span class='ocrx_word' id='word_1_17' title='bbox 777 634 843 695; x_wconf 90' lang='lat' dir='ltr'><strong>tum</strong></span> <span class='ocrx_word' id='word_1_18' title='bbox 869 628 1032 696; x_wconf 86' lang='lat' dir='ltr'><strong>succincta</strong></span> <span class='ocrx_word' id='word_1_19' title='bbox 1058 630 1281 717; x_wconf 73' lang='lat' dir='ltr'><strong>philosophiae</strong></span> 
     </span>
     <span class='ocr_line' id='line_1_4' title="bbox 245 750 1281 839; baseline -0.001 -18"><span class='ocrx_word' id='word_1_20' title='bbox 245 754 386 839; x_wconf 89' lang='lat' dir='ltr'><strong>historia,</strong></span> <span class='ocrx_word' id='word_1_21' title='bbox 416 773 512 837; x_wconf 89' lang='lat' dir='ltr'><strong>quam</strong></span> <span class='ocrx_word' id='word_1_22' title='bbox 532 751 690 837; x_wconf 79' lang='lat' dir='ltr'><strong>Fugitiuis</strong></span> <span class='ocrx_word' id='word_1_23' title='bbox 711 754 731 833; x_wconf 69' lang='grc' dir='ltr'>ξ</span> <span class='ocrx_word' id='word_1_24' title='bbox 753 750 775 817; x_wconf 81' lang='grc'>5</span> <span class='ocrx_word' id='word_1_25' title='bbox 796 770 865 833; x_wconf 85' lang='lat' dir='ltr'><strong>sqq.</strong></span> <span class='ocrx_word' id='word_1_26' title='bbox 886 750 1026 817; x_wconf 84' lang='lat' dir='ltr'><strong>inseruit</strong></span> <span class='ocrx_word' id='word_1_27' title='bbox 1073 753 1147 819; x_wconf 88' lang='lat' dir='ltr'><strong>Jam</strong></span> <span class='ocrx_word' id='word_1_28' title='bbox 1166 753 1281 820; x_wconf 90' lang='lat' dir='ltr'><strong>Demo·</strong></span> 
     </span>
     <span class='ocr_line' id='line_1_5' title="bbox 236 871 1282 961; baseline -0.002 -18"><span class='ocrx_word' id='word_1_29' title='bbox 236 876 347 943; x_wconf 69' lang='lat' dir='ltr'><strong>‘nactis</strong></span> <span class='ocrx_word' id='word_1_30' title='bbox 379 874 488 959; x_wconf 88' lang='lat' dir='ltr'><strong>magni</strong></span> <span class='ocrx_word' id='word_1_31' title='bbox 519 871 702 960; x_wconf 80' lang='lat' dir='ltr'>philosophi</span> <span class='ocrx_word' id='word_1_32' title='bbox 733 871 947 939; x_wconf 72' lang='lat' dir='ltr'><strong>familiaritate</strong></span> <span class='ocrx_word' id='word_1_33' title='bbox 973 872 1133 940; x_wconf 79' lang='lat' dir='ltr'><strong>Lucienus</strong></span> <span class='ocrx_word' id='word_1_34' title='bbox 1168 872 1282 961; x_wconf 83' lang='lat' dir='ltr'><strong>perdiu</strong></span> 
     </span>
     <span class='ocr_line' id='line_1_6' title="bbox 245 993 1282 1081; baseline -0.003 -16"><span class='ocrx_word' id='word_1_35' title='bbox 245 1017 321 1065; x_wconf 89' lang='lat' dir='ltr'><strong>usus</strong></span> <span class='ocrx_word' id='word_1_36' title='bbox 343 1002 401 1081; x_wconf 88' lang='lat' dir='ltr'><strong>est,</strong></span> <span class='ocrx_word' id='word_1_37' title='bbox 429 1001 464 1060; x_wconf 89' lang='lat' dir='ltr'><strong>nt</strong></span> <span class='ocrx_word' id='word_1_38' title='bbox 485 995 518 1060; x_wconf 94' lang='lat' dir='ltr'><strong>in</strong></span> <span class='ocrx_word' id='word_1_39' title='bbox 540 994 602 1060; x_wconf 91' lang='lat' dir='ltr'><strong>Vit.</strong></span> <span class='ocrx_word' id='word_1_40' title='bbox 625 994 759 1060; x_wconf 83' lang='lat' dir='ltr'><strong>Damon.</strong></span> <span class='ocrx_word' id='word_1_41' title='bbox 785 996 806 1077; x_wconf 69' lang='grc' dir='ltr'>ξ</span> <span class='ocrx_word' id='word_1_42' title='bbox 829 996 847 1061; x_wconf 95' lang='grc'><strong>1</strong></span> <span class='ocrx_word' id='word_1_43' title='bbox 877 993 948 1080; x_wconf 90' lang='lat' dir='ltr'><strong>ipse</strong></span> <span class='ocrx_word' id='word_1_44' title='bbox 974 999 1115 1061; x_wconf 88' lang='lat' dir='ltr'><strong>testatur.</strong></span> <span class='ocrx_word' id='word_1_45' title='bbox 1164 995 1213 1063; x_wconf 82' lang='lat' dir='ltr'><strong>Ac</strong></span> <span class='ocrx_word' id='word_1_46' title='bbox 1241 1015 1282 1062; x_wconf 89' lang='lat' dir='ltr'><strong>ne</strong></span> 
     </span>
     <span class='ocr_line' id='line_1_7' title="bbox 246 1114 1282 1202; baseline 0 -19"><span class='ocrx_word' id='word_1_47' title='bbox 246 1118 318 1202; x_wconf 87' lang='lat' dir='ltr'><strong>quis</strong></span> <span class='ocrx_word' id='word_1_48' title='bbox 338 1118 384 1184; x_wconf 88' lang='lat' dir='ltr'><strong>ita</strong></span> <span class='ocrx_word' id='word_1_49' title='bbox 404 1117 550 1200; x_wconf 82' lang='lat' dir='ltr'><strong>loquatur</strong></span> <span class='ocrx_word' id='word_1_50' title='bbox 572 1115 613 1181; x_wconf 92' lang='lat' dir='ltr'><strong>de</strong></span> <span class='ocrx_word' id='word_1_51' title='bbox 629 1115 826 1183; x_wconf 73' lang='lat' dir='ltr'>Demonacte</span> <span class='ocrx_word' id='word_1_52' title='bbox 844 1114 1029 1201; x_wconf 79' lang='lat' dir='ltr'><strong>hodienum,</strong></span> <span class='ocrx_word' id='word_1_53' title='bbox 1051 1116 1106 1200; x_wconf 89' lang='lat' dir='ltr'><strong>qui</strong></span> <span class='ocrx_word' id='word_1_54' title='bbox 1126 1135 1231 1185; x_wconf 87' lang='lat' dir='ltr'><strong>meras</strong></span> <span class='ocrx_word' id='word_1_55' title='bbox 1252 1116 1282 1183; x_wconf 90' lang='lat' dir='ltr'><strong>ei</strong></span> 
     </span>
     <span class='ocr_line' id='line_1_8' title="bbox 246 1235 1302 1324; baseline -0.001 -19"><span class='ocrx_word' id='word_1_56' title='bbox 246 1238 379 1306; x_wconf 74' lang='lat' dir='ltr'><strong>facetias</strong></span> <span class='ocrx_word' id='word_1_57' title='bbox 400 1238 543 1323; x_wconf 77' lang='lat' dir='ltr'><strong>imputet,</strong></span> <span class='ocrx_word' id='word_1_58' title='bbox 564 1256 606 1304; x_wconf 91' lang='lat' dir='ltr'><strong>ne</strong></span> <span class='ocrx_word' id='word_1_59' title='bbox 618 1235 766 1319; x_wconf 84' lang='lat' dir='ltr'><strong>judicare</strong></span> <span class='ocrx_word' id='word_1_60' title='bbox 782 1235 911 1320; x_wconf 89' lang='lat' dir='ltr'><strong>quidem</strong></span> <span class='ocrx_word' id='word_1_61' title='bbox 926 1236 1067 1323; x_wconf 82' lang='lat' dir='ltr'><strong>sciuisse,</strong></span> <span class='ocrx_word' id='word_1_62' title='bbox 1089 1256 1149 1324; x_wconf 84' lang='lat' dir='ltr'><strong>ego</strong></span> <span class='ocrx_word' id='word_1_63' title='bbox 1168 1246 1302 1304; x_wconf 68' lang='lat' dir='ltr'><strong>cavere=</strong></span> 
     </span>
     <span class='ocr_line' id='line_1_9' title="bbox 247 1357 1331 1446; baseline -0.004 -19"><span class='ocrx_word' id='word_1_64' title='bbox 247 1360 352 1427; x_wconf 90' lang='lat' dir='ltr'><strong>studui</strong></span> <span class='ocrx_word' id='word_1_65' title='bbox 373 1360 408 1425; x_wconf 91' lang='lat' dir='ltr'><strong>in</strong></span> <span class='ocrx_word' id='word_1_66' title='bbox 431 1358 505 1425; x_wconf 88' lang='lat' dir='ltr'><strong>edit.</strong></span> <span class='ocrx_word' id='word_1_67' title='bbox 522 1377 595 1425; x_wconf 89' lang='lat' dir='ltr'><strong>mea</strong></span> <span class='ocrx_word' id='word_1_68' title='bbox 611 1357 745 1425; x_wconf 86' lang='lat' dir='ltr'><strong>Lusiani</strong></span> <span class='ocrx_word' id='word_1_69' title='bbox 755 1358 869 1424; x_wconf 87' lang='lat' dir='ltr'><strong>Volll</strong></span> <span class='ocrx_word' id='word_1_70' title='bbox 889 1358 953 1423; x_wconf 93' lang='lat' dir='ltr'><strong>P.1</strong></span> <span class='ocrx_word' id='word_1_71' title='bbox 973 1380 1006 1444; x_wconf 91' lang='lat' dir='ltr'><strong>p.</strong></span> <span class='ocrx_word' id='word_1_72' title='bbox 1021 1358 1083 1425; x_wconf 82' lang='lat'><strong>195</strong></span> <span class='ocrx_word' id='word_1_73' title='bbox 1105 1365 1137 1424; x_wconf 92' lang='lat' dir='ltr'><strong>et</strong></span> <span class='ocrx_word' id='word_1_74' title='bbox 1153 1364 1281 1446; x_wconf 88' lang='lat' dir='ltr'><strong>postea:</strong></span> <span class='ocrx_word' id='word_1_75' title='bbox 1328 1360 1331 1365; x_wconf 67' lang='lat'>‘</span> 
     </span>
     <span class='ocr_line' id='line_1_10' title="bbox 247 1478 1281 1568; baseline -0.003 -20"><span class='ocrx_word' id='word_1_76' title='bbox 247 1482 307 1568; x_wconf 88' lang='lat' dir='ltr'><strong>‚De</strong></span> <span class='ocrx_word' id='word_1_77' title='bbox 328 1480 513 1565; x_wconf 77' lang='lat' dir='ltr'><strong>fragmentis</strong></span> <span class='ocrx_word' id='word_1_78' title='bbox 533 1478 749 1546; x_wconf 83' lang='lat' dir='ltr'><strong>Demonaotis‘</strong></span> <span class='ocrx_word' id='word_1_79' title='bbox 770 1502 804 1565; x_wconf 90' lang='lat' dir='ltr'><strong>p.</strong></span> <span class='ocrx_word' id='word_1_80' title='bbox 827 1480 858 1565; x_wconf 80' lang='lat'><strong>8,</strong></span> <span class='ocrx_word' id='word_1_81' title='bbox 888 1485 975 1545; x_wconf 89' lang='lat' dir='ltr'><strong>ratus</strong></span> <span class='ocrx_word' id='word_1_82' title='bbox 1008 1479 1043 1546; x_wconf 93' lang='lat' dir='ltr'><strong>in</strong></span> <span class='ocrx_word' id='word_1_83' title='bbox 1064 1480 1126 1547; x_wconf 84' lang='lat' dir='ltr'><strong>vit.</strong></span> <span class='ocrx_word' id='word_1_84' title='bbox 1148 1480 1281 1547; x_wconf 90' lang='lat' dir='ltr'><strong>Demon.</strong></span> 
     </span>
     <span class='ocr_line' id='line_1_11' title="bbox 247 1597 1284 1688; baseline 0.002 -19"><span class='ocrx_word' id='word_1_85' title='bbox 247 1605 320 1685; x_wconf 72' lang='lat'><strong>§11</strong></span> <span class='ocrx_word' id='word_1_86' title='bbox 335 1602 389 1670; x_wconf 85' lang='lat' dir='ltr'><strong>lin.</strong></span> <span class='ocrx_word' id='word_1_87' title='bbox 406 1607 480 1688; x_wconf 87' lang='lat' dir='ltr'><strong>post</strong></span> <span class='ocrx_word' id='word_1_88' title='bbox 500 1622 529 1667; x_wconf 83' lang='lat' dir='ltr'><strong>u.</strong></span> <span class='ocrx_word' id='word_1_89' title='bbox 542 1597 783 1685; x_wconf 75' lang='grc' dir='ltr'><strong><em>ἐκαλλιερήσατε</em></strong></span> <span class='ocrx_word' id='word_1_90' title='bbox 805 1600 892 1669; x_wconf 88' lang='lat' dir='ltr'><strong>haud</strong></span> <span class='ocrx_word' id='word_1_91' title='bbox 912 1621 1017 1688; x_wconf 88' lang='lat' dir='ltr'><strong>pauca</strong></span> <span class='ocrx_word' id='word_1_92' title='bbox 1030 1601 1164 1669; x_wconf 88' lang='lat' dir='ltr'><strong>Luciani</strong></span> <span class='ocrx_word' id='word_1_93' title='bbox 1185 1603 1284 1672; x_wconf 81' lang='lat' dir='ltr'><strong>verbe</strong></span> 
     </span>
     <span class='ocr_line' id='line_1_12' title="bbox 247 1721 1283 1802; baseline 0.002 -11"><span class='ocrx_word' id='word_1_94' title='bbox 247 1723 413 1791; x_wconf 87' lang='lat' dir='ltr'><strong>excidisse.</strong></span> <span class='ocrx_word' id='word_1_95' title='bbox 458 1721 529 1802; x_wconf 81' lang='lat' dir='ltr'><strong>Qua</strong></span> <span class='ocrx_word' id='word_1_96' title='bbox 550 1721 584 1789; x_wconf 92' lang='lat' dir='ltr'><strong>in</strong></span> <span class='ocrx_word' id='word_1_97' title='bbox 604 1742 640 1789; x_wconf 88' lang='lat' dir='ltr'><strong>re</strong></span> <span class='ocrx_word' id='word_1_98' title='bbox 662 1723 691 1789; x_wconf 91' lang='lat' dir='ltr'><strong>J.</strong></span> <span class='ocrx_word' id='word_1_99' title='bbox 706 1721 991 1793; x_wconf 80' lang='lat' dir='ltr'><strong>Sommerbrodtiue</strong></span> <span class='ocrx_word' id='word_1_100' title='bbox 1012 1724 1067 1791; x_wconf 74' lang='lat' dir='ltr'><strong>uir</strong></span> <span class='ocrx_word' id='word_1_101' title='bbox 1083 1724 1283 1793; x_wconf 73' lang='lat' dir='ltr'><strong>acutmmmne</strong></span> 
     </span>
     <span class='ocr_line' id='line_1_13' title="bbox 246 1820 1282 1915; baseline 0.003 -3"><span class='ocrx_word' id='word_1_102' title='bbox 246 1845 345 1913; x_wconf 87' lang='lat' dir='ltr'><strong>literis</strong></span> <span class='ocrx_word' id='word_1_103' title='bbox 367 1844 451 1913; x_wconf 87' lang='lat' dir='ltr'><strong>datis</strong></span> <span class='ocrx_word' id='word_1_104' title='bbox 472 1850 528 1911; x_wconf 90' lang='lat' dir='ltr'><strong>aut</strong></span> <span class='ocrx_word' id='word_1_105' title='bbox 548 1820 633 1910; x_wconf 87' lang='lat' dir='ltr'><strong>mihi</strong></span> <span class='ocrx_word' id='word_1_106' title='bbox 648 1843 804 1912; x_wconf 77' lang='lat' dir='ltr'><strong>adsensus</strong></span> <span class='ocrx_word' id='word_1_107' title='bbox 833 1851 880 1913; x_wconf 88' lang='lat' dir='ltr'><strong>est</strong></span> <span class='ocrx_word' id='word_1_108' title='bbox 907 1852 962 1913; x_wconf 86' lang='lat' dir='ltr'><strong>ant</strong></span> <span class='ocrx_word' id='word_1_109' title='bbox 991 1852 1077 1915; x_wconf 85' lang='lat' dir='ltr'><strong>certe</strong></span> <span class='ocrx_word' id='word_1_110' title='bbox 1105 1846 1188 1915; x_wconf 85' lang='lat' dir='ltr'><strong>hanc</strong></span> <span class='ocrx_word' id='word_1_111' title='bbox 1216 1868 1282 1915; x_wconf 88' lang='lat' dir='ltr'><strong>rem</strong></span> 
     </span>
     <span class='ocr_line' id='line_1_14' title="bbox 247 1965 1283 2052; baseline 0.002 -19"><span class='ocrx_word' id='word_1_112' title='bbox 247 1967 403 2037; x_wconf 83' lang='lat' dir='ltr'><strong>concessit</strong></span> <span class='ocrx_word' id='word_1_113' title='bbox 423 1966 532 2051; x_wconf 82' lang='lat' dir='ltr'><strong>magni</strong></span> <span class='ocrx_word' id='word_1_114' title='bbox 553 1985 626 2033; x_wconf 89' lang='lat' dir='ltr'><strong>esse</strong></span> <span class='ocrx_word' id='word_1_115' title='bbox 647 1966 806 2033; x_wconf 83' lang='lat' dir='ltr'><strong>momenti.</strong></span> <span class='ocrx_word' id='word_1_116' title='bbox 860 1965 926 2033; x_wconf 80' lang='lat' dir='ltr'><strong>Sed</strong></span> <span class='ocrx_word' id='word_1_117' title='bbox 954 1967 1039 2052; x_wconf 88' lang='lat' dir='ltr'><strong>quod</strong></span> <span class='ocrx_word' id='word_1_118' title='bbox 1065 1968 1108 2035; x_wconf 91' lang='lat' dir='ltr'><strong>ad</strong></span> <span class='ocrx_word' id='word_1_119' title='bbox 1128 1968 1283 2037; x_wconf 90' lang='lat' dir='ltr'><strong>Hermoti-</strong></span> 
     </span>
     <span class='ocr_line' id='line_1_15' title="bbox 247 2086 1297 2177; baseline 0.003 -24"><span class='ocrx_word' id='word_1_120' title='bbox 247 2108 332 2153; x_wconf 92' lang='lat' dir='ltr'><strong>mum</strong></span> <span class='ocrx_word' id='word_1_121' title='bbox 364 2086 501 2172; x_wconf 87' lang='lat' dir='ltr'><strong>adtinet‚</strong></span> <span class='ocrx_word' id='word_1_122' title='bbox 541 2092 631 2154; x_wconf 85' lang='lat' dir='ltr'><strong>tantu</strong></span> <span class='ocrx_word' id='word_1_123' title='bbox 664 2107 705 2153; x_wconf 85' lang='lat' dir='ltr'><strong>ex</strong></span> <span class='ocrx_word' id='word_1_124' title='bbox 736 2087 798 2154; x_wconf 92' lang='lat' dir='ltr'><strong>hoo</strong></span> <span class='ocrx_word' id='word_1_125' title='bbox 830 2087 958 2174; x_wconf 78' lang='lat' dir='ltr'><strong>dialogo</strong></span> <span class='ocrx_word' id='word_1_126' title='bbox 991 2089 1151 2177; x_wconf 80' lang='lat' dir='ltr'><strong>saeptione</strong></span> <span class='ocrx_word' id='word_1_127' title='bbox 1181 2090 1297 2177; x_wconf 86' lang='lat' dir='ltr'><strong>philo·&#39;</strong></span> 
     </span>
     <span class='ocr_line' id='line_1_16' title="bbox 247 2208 1284 2295; baseline 0.003 -20"><span class='ocrx_word' id='word_1_128' title='bbox 247 2208 380 2295; x_wconf 86' lang='lat' dir='ltr'><strong>sophiae</strong></span> <span class='ocrx_word' id='word_1_129' title='bbox 419 2208 554 2275; x_wconf 83' lang='lat' dir='ltr'><strong>scientia</strong></span> <span class='ocrx_word' id='word_1_130' title='bbox 586 2209 705 2293; x_wconf 86' lang='lat' dir='ltr'><strong>elucet,</strong></span> <span class='ocrx_word' id='word_1_131' title='bbox 746 2214 866 2292; x_wconf 85' lang='lat' dir='ltr'><strong>quanta</strong></span> <span class='ocrx_word' id='word_1_132' title='bbox 896 2209 1072 2277; x_wconf 80' lang='lat' dir='ltr'><strong>Lucienum</strong></span> <span class='ocrx_word' id='word_1_133' title='bbox 1109 2210 1207 2278; x_wconf 85' lang='lat' dir='ltr'><strong>fnisse</strong></span> <span class='ocrx_word' id='word_1_134' title='bbox 1238 2211 1284 2278; x_wconf 91' lang='lat' dir='ltr'><strong>in·</strong></span> 
     </span>
     <span class='ocr_line' id='line_1_17' title="bbox 247 2328 1284 2415; baseline 0.003 -19"><span class='ocrx_word' id='word_1_135' title='bbox 247 2335 400 2397; x_wconf 85' lang='lat' dir='ltr'><strong>structum</strong></span> <span class='ocrx_word' id='word_1_136' title='bbox 431 2330 504 2397; x_wconf 87' lang='lat' dir='ltr'><strong>aliis</strong></span> <span class='ocrx_word' id='word_1_137' title='bbox 535 2329 615 2397; x_wconf 86' lang='lat' dir='ltr'><strong>loeis</strong></span> <span class='ocrx_word' id='word_1_138' title='bbox 648 2335 734 2396; x_wconf 87' lang='lat' dir='ltr'><strong>certo</strong></span> <span class='ocrx_word' id='word_1_139' title='bbox 767 2328 892 2397; x_wconf 87' lang='lat' dir='ltr'><strong>ostendi</strong></span> <span class='ocrx_word' id='word_1_140' title='bbox 923 2331 1048 2415; x_wconf 87' lang='lat' dir='ltr'><strong>nequit:</strong></span> <span class='ocrx_word' id='word_1_141' title='bbox 1087 2337 1120 2398; x_wconf 90' lang='lat' dir='ltr'><strong>et</strong></span> <span class='ocrx_word' id='word_1_142' title='bbox 1152 2331 1204 2397; x_wconf 90' lang='lat' dir='ltr'><strong>vel</strong></span> <span class='ocrx_word' id='word_1_143' title='bbox 1237 2331 1284 2399; x_wconf 89' lang='lat' dir='ltr'><strong>sio</strong></span> 
     </span>
     <span class='ocr_line' id='line_1_18' title="bbox 247 2450 1283 2539; baseline 0.001 -20"><span class='ocrx_word' id='word_1_144' title='bbox 247 2457 354 2519; x_wconf 64' lang='lat' dir='ltr'><strong>amen</strong></span> <span class='ocrx_word' id='word_1_145' title='bbox 380 2450 522 2517; x_wconf 84' lang='lat' dir='ltr'><strong>Lucieno</strong></span> <span class='ocrx_word' id='word_1_146' title='bbox 555 2450 743 2518; x_wconf 80' lang='lat' dir='ltr'><strong>crediderim</strong></span> <span class='ocrx_word' id='word_1_147' title='bbox 771 2451 1007 2539; x_wconf 82' lang='lat' dir='ltr'><strong>philosophiam</strong></span> <span class='ocrx_word' id='word_1_148' title='bbox 1037 2472 1187 2539; x_wconf 62' lang='lat' dir='ltr'><strong>maecum</strong></span> <span class='ocrx_word' id='word_1_149' title='bbox 1218 2457 1283 2520; x_wconf 83' lang='lat' dir='ltr'><strong>lam</strong></span> 
     </span>
     <span class='ocr_line' id='line_1_19' title="bbox 248 2571 1284 2660; baseline 0 -21"><span class='ocrx_word' id='word_1_150' title='bbox 248 2573 330 2639; x_wconf 89' lang='lat' dir='ltr'><strong>bene</strong></span> <span class='ocrx_word' id='word_1_151' title='bbox 358 2578 543 2660; x_wconf 84' lang='lat' dir='ltr'><strong>perceptam</strong></span> <span class='ocrx_word' id='word_1_152' title='bbox 575 2572 681 2640; x_wconf 82' lang='lat' dir='ltr'><strong>fuisse.</strong></span> <span class='ocrx_word' id='word_1_153' title='bbox 747 2573 791 2639; x_wconf 89' lang='lat' dir='ltr'><strong>At</strong></span> <span class='ocrx_word' id='word_1_154' title='bbox 822 2593 880 2660; x_wconf 87' lang='lat' dir='ltr'><strong>per</strong></span> <span class='ocrx_word' id='word_1_155' title='bbox 911 2593 948 2641; x_wconf 84' lang='lat' dir='ltr'><strong>se</strong></span> <span class='ocrx_word' id='word_1_156' title='bbox 979 2572 1048 2641; x_wconf 86' lang='lat' dir='ltr'><strong>lieri</strong></span> <span class='ocrx_word' id='word_1_157' title='bbox 1081 2574 1176 2640; x_wconf 88' lang='lat' dir='ltr'><strong>etiam</strong></span> <span class='ocrx_word' id='word_1_158' title='bbox 1204 2571 1284 2641; x_wconf 92' lang='lat' dir='ltr'><strong>illnd</strong></span> 
     </span>
     <span class='ocr_line' id='line_1_20' title="bbox 247 2693 1284 2782; baseline 0.002 -22"><span class='ocrx_word' id='word_1_159' title='bbox 247 2699 362 2780; x_wconf 88' lang='lat' dir='ltr'><strong>potest,</strong></span> <span class='ocrx_word' id='word_1_160' title='bbox 394 2700 429 2759; x_wconf 90' lang='lat' dir='ltr'><strong>ut</strong></span> <span class='ocrx_word' id='word_1_161' title='bbox 461 2713 611 2778; x_wconf 88' lang='lat' dir='ltr'><strong>eaquae</strong></span> <span class='ocrx_word' id='word_1_162' title='bbox 640 2695 673 2761; x_wconf 90' lang='lat' dir='ltr'><strong>in</strong></span> <span class='ocrx_word' id='word_1_163' title='bbox 701 2694 896 2763; x_wconf 81' lang='lat' dir='ltr'><strong>Hermotimo</strong></span> <span class='ocrx_word' id='word_1_164' title='bbox 925 2715 946 2761; x_wconf 85' lang='lat' dir='ltr'><strong>a</strong></span> <span class='ocrx_word' id='word_1_165' title='bbox 974 2695 1122 2782; x_wconf 87' lang='lat' dir='ltr'><strong>scepticis</strong></span> <span class='ocrx_word' id='word_1_166' title='bbox 1151 2693 1284 2782; x_wconf 74' lang='lat' dir='ltr'><strong>decepta</strong></span> 
     </span>
     <span class='ocr_line' id='line_1_21' title="bbox 249 2815 1284 2903; baseline 0 -22"><span class='ocrx_word' id='word_1_167' title='bbox 249 2821 382 2900; x_wconf 81' lang='lat' dir='ltr'><strong>exstant,</strong></span> <span class='ocrx_word' id='word_1_168' title='bbox 397 2815 485 2901; x_wconf 88' lang='lat' dir='ltr'><strong>prior</strong></span> <span class='ocrx_word' id='word_1_169' title='bbox 502 2815 665 2902; x_wconf 86' lang='lat' dir='ltr'><strong>scripserit</strong></span> <span class='ocrx_word' id='word_1_170' title='bbox 678 2815 846 2902; x_wconf 87' lang='lat' dir='ltr'><strong>Menippus</strong></span> <span class='ocrx_word' id='word_1_171' title='bbox 857 2815 1054 2902; x_wconf 80' lang='lat' dir='ltr'><strong>Gadarenus,</strong></span> <span class='ocrx_word' id='word_1_172' title='bbox 1075 2816 1284 2903; x_wconf 88' lang='lat' dir='ltr'><strong>philosophus</strong></span> 
     </span>
     <span class='ocr_line' id='line_1_22' title="bbox 156 2920 721 3022; baseline 0.002 -21"><span class='ocrx_word' id='word_1_173' title='bbox 156 2920 159 2926; x_wconf 39' lang='lat'><em>⁴</em></span> <span class='ocrx_word' id='word_1_174' title='bbox 248 2936 303 3003; x_wconf 92' lang='lat' dir='ltr'><strong>ille</strong></span> <span class='ocrx_word' id='word_1_175' title='bbox 325 2936 424 3004; x_wconf 90' lang='lat' dir='ltr'><strong>multo</strong></span> <span class='ocrx_word' id='word_1_176' title='bbox 445 2938 548 3022; x_wconf 87' lang='lat' dir='ltr'><strong>major</strong></span> <span class='ocrx_word' id='word_1_177' title='bbox 569 2936 721 3004; x_wconf 80' lang='lat' dir='ltr'><strong>Lucieno.</strong></span> 
     </span>
    </p>
   </div>
   <div class='ocr_carea' id='block_1_3' title="bbox 312 3250 1216 3459">
    <p class='ocr_par' dir='ltr' id='par_1_3' title="bbox 312 3250 1216 3459">
     <span class='ocr_line' id='line_1_23' title="bbox 731 3250 805 3333; baseline 0.041 -18"><span class='ocrx_word' id='word_1_178' title='bbox 731 3254 751 3333; x_wconf 68' lang='grc' dir='ltr'><strong>ξ</strong></span> <span class='ocrx_word' id='word_1_179' title='bbox 774 3250 805 3318; x_wconf 88' lang='grc'><strong>4.</strong></span> 
     </span>
     <span class='ocr_line' id='line_1_24' title="bbox 312 3389 1216 3459; baseline 0.002 -4"><span class='ocrx_word' id='word_1_180' title='bbox 312 3390 370 3456; x_wconf 92' lang='lat' dir='ltr'><strong>De</strong></span> <span class='ocrx_word' id='word_1_181' title='bbox 392 3390 591 3457; x_wconf 84' lang='lat' dir='ltr'><strong>Varronis</strong></span> <span class='ocrx_word' id='word_1_182' title='bbox 619 3397 761 3457; x_wconf 87' lang='lat' dir='ltr'><strong>satura</strong></span> <span class='ocrx_word' id='word_1_183' title='bbox 790 3389 917 3459; x_wconf 89' lang='grc' dir='ltr'><em>ΠΕΡΙ</em></span> <span class='ocrx_word' id='word_1_184' title='bbox 941 3389 1216 3458; x_wconf 75' lang='grc' dir='ltr'><em>ΑΙΡΕΣΕΩΝ.</em></span> 
     </span>
    </p>
   </div>
   <div class='ocr_carea' id='block_1_4' title="bbox 247 3546 1286 4363">
    <p class='ocr_par' dir='ltr' id='par_1_4' title="bbox 247 3546 1286 4363">
     <span class='ocr_line' id='line_1_25' title="bbox 334 3546 1285 3634; baseline 0.002 -22"><span class='ocrx_word' id='word_1_185' title='bbox 334 3547 508 3633; x_wconf 85' lang='lat' dir='ltr'><strong>Pergamus</strong></span> <span class='ocrx_word' id='word_1_186' title='bbox 536 3566 621 3614; x_wconf 88' lang='lat' dir='ltr'><strong>nuno</strong></span> <span class='ocrx_word' id='word_1_187' title='bbox 648 3546 691 3614; x_wconf 85' lang='lat' dir='ltr'><strong>od</strong></span> <span class='ocrx_word' id='word_1_188' title='bbox 713 3552 853 3614; x_wconf 85' lang='lat' dir='ltr'><strong>saturam</strong></span> <span class='ocrx_word' id='word_1_189' title='bbox 879 3547 1099 3633; x_wconf 77' lang='lat' dir='ltr'><strong>cognominem</strong></span> <span class='ocrx_word' id='word_1_190' title='bbox 1126 3547 1285 3634; x_wconf 86' lang='lat' dir='ltr'><strong>ellenip·</strong></span> 
     </span>
     <span class='ocr_line' id='line_1_26' title="bbox 247 3668 1286 3753; baseline 0.002 -20"><span class='ocrx_word' id='word_1_191' title='bbox 247 3668 318 3753; x_wconf 89' lang='lat' dir='ltr'><strong>peis</strong></span> <span class='ocrx_word' id='word_1_192' title='bbox 346 3668 387 3733; x_wconf 88' lang='lat' dir='ltr'><strong>M.</strong></span> <span class='ocrx_word' id='word_1_193' title='bbox 411 3668 540 3734; x_wconf 81' lang='lat' dir='ltr'><strong>Terenti</strong></span> <span class='ocrx_word' id='word_1_194' title='bbox 563 3668 723 3752; x_wconf 86' lang='lat' dir='ltr'><strong>Varronis,</strong></span> <span class='ocrx_word' id='word_1_195' title='bbox 751 3668 844 3753; x_wconf 89' lang='lat' dir='ltr'><strong>cujus</strong></span> <span class='ocrx_word' id='word_1_196' title='bbox 871 3674 998 3734; x_wconf 88' lang='lat' dir='ltr'><strong>saturae</strong></span> <span class='ocrx_word' id='word_1_197' title='bbox 1027 3668 1198 3735; x_wconf 87' lang='lat' dir='ltr'><strong>etiamnum</strong></span> <span class='ocrx_word' id='word_1_198' title='bbox 1224 3669 1286 3735; x_wconf 86' lang='lat' dir='ltr'><strong>tria</strong></span> 
     </span>
     <span class='ocr_line' id='line_1_27' title="bbox 249 3789 1285 3877; baseline 0.002 -22"><span class='ocrx_word' id='word_1_199' title='bbox 249 3795 374 3857; x_wconf 82' lang='lat' dir='ltr'><strong>emtant</strong></span> <span class='ocrx_word' id='word_1_200' title='bbox 394 3790 581 3877; x_wconf 83' lang='lat' dir='ltr'><strong>fragmenta.</strong></span> <span class='ocrx_word' id='word_1_201' title='bbox 621 3790 762 3856; x_wconf 90' lang='lat' dir='ltr'><strong>Primum</strong></span> <span class='ocrx_word' id='word_1_202' title='bbox 784 3789 868 3856; x_wconf 90' lang='lat' dir='ltr'><strong>enim</strong></span> <span class='ocrx_word' id='word_1_203' title='bbox 889 3789 1013 3856; x_wconf 86' lang='lat' dir='ltr'><strong>Nonius</strong></span> <span class='ocrx_word' id='word_1_204' title='bbox 1033 3810 1065 3874; x_wconf 89' lang='lat' dir='ltr'><strong>p.</strong></span> <span class='ocrx_word' id='word_1_205' title='bbox 1080 3791 1151 3875; x_wconf 83' lang='lat'>171,</span> <span class='ocrx_word' id='word_1_206' title='bbox 1176 3791 1216 3855; x_wconf 79' lang='grc'><strong>14</strong></span> <span class='ocrx_word' id='word_1_207' title='bbox 1239 3789 1285 3857; x_wconf 91' lang='lat' dir='ltr'><strong>sic</strong></span> 
     </span>
     <span class='ocr_line' id='line_1_28' title="bbox 248 3909 1286 3997; baseline 0.001 -20"><span class='ocrx_word' id='word_1_208' title='bbox 248 3910 374 3995; x_wconf 88' lang='lat' dir='ltr'><strong>incipit:</strong></span> <span class='ocrx_word' id='word_1_209' title='bbox 398 3911 507 3997; x_wconf 86' lang='lat' dir='ltr'><strong>,Varro</strong></span> <span class='ocrx_word' id='word_1_210' title='bbox 524 3910 598 3996; x_wconf 75' lang='lat' dir='ltr'><strong>oapi</strong></span> <span class='ocrx_word' id='word_1_211' title='bbox 616 3910 778 3995; x_wconf 73' lang='grc' dir='ltr'><strong>αἱρέσεωνι</strong></span> <span class='ocrx_word' id='word_1_212' title='bbox 800 3909 952 3995; x_wconf 88' lang='lat' dir='ltr'><strong>subjectis</strong></span> <span class='ocrx_word' id='word_1_213' title='bbox 973 3909 1096 3978; x_wconf 90' lang='lat' dir='ltr'><strong>dnobus</strong></span> <span class='ocrx_word' id='word_1_214' title='bbox 1114 3911 1286 3978; x_wconf 85' lang='lat' dir='ltr'><strong>eVarrone</strong></span> 
     </span>
     <span class='ocr_line' id='line_1_29' title="bbox 248 4031 1285 4119; baseline 0.004 -23"><span class='ocrx_word' id='word_1_215' title='bbox 248 4031 397 4099; x_wconf 86' lang='lat' dir='ltr'><strong>trimetris</strong></span> <span class='ocrx_word' id='word_1_216' title='bbox 418 4032 550 4118; x_wconf 74' lang='lat' dir='ltr'><strong>unuin,</strong></span> <span class='ocrx_word' id='word_1_217' title='bbox 573 4031 689 4101; x_wconf 88' lang='lat' dir='ltr'><strong>deinde</strong></span> <span class='ocrx_word' id='word_1_218' title='bbox 710 4031 796 4100; x_wconf 89' lang='lat' dir='ltr'><strong>idem</strong></span> <span class='ocrx_word' id='word_1_219' title='bbox 816 4032 939 4100; x_wconf 88' lang='lat' dir='ltr'><strong>Nonius</strong></span> <span class='ocrx_word' id='word_1_220' title='bbox 960 4053 992 4118; x_wconf 89' lang='lat' dir='ltr'><strong>p.</strong></span> <span class='ocrx_word' id='word_1_221' title='bbox 1010 4032 1085 4119; x_wconf 85' lang='lat'>351,</span> <span class='ocrx_word' id='word_1_222' title='bbox 1107 4034 1150 4099; x_wconf 78' lang='lat'><strong>22</strong></span> <span class='ocrx_word' id='word_1_223' title='bbox 1173 4033 1285 4100; x_wconf 89' lang='lat' dir='ltr'><strong>eodem</strong></span> 
     </span>
     <span class='ocr_line' id='line_1_30' title="bbox 249 4151 1283 4239; baseline 0.006 -24"><span class='ocrx_word' id='word_1_224' title='bbox 249 4151 343 4217; x_wconf 92' lang='lat' dir='ltr'><strong>modo</strong></span> <span class='ocrx_word' id='word_1_225' title='bbox 364 4153 526 4237; x_wconf 85' lang='lat' dir='ltr'><strong>praelatus</strong></span> <span class='ocrx_word' id='word_1_226' title='bbox 555 4155 654 4222; x_wconf 87' lang='lat' dir='ltr'><strong>verba</strong></span> <span class='ocrx_word' id='word_1_227' title='bbox 679 4155 802 4239; x_wconf 86' lang='lat' dir='ltr'><strong>aliquot</strong></span> <span class='ocrx_word' id='word_1_228' title='bbox 823 4154 974 4221; x_wconf 88' lang='lat' dir='ltr'><strong>Varronis</strong></span> <span class='ocrx_word' id='word_1_229' title='bbox 1002 4153 1144 4223; x_wconf 88' lang='lat' dir='ltr'><strong>indidem</strong></span> <span class='ocrx_word' id='word_1_230' title='bbox 1172 4155 1283 4221; x_wconf 88' lang='lat' dir='ltr'><strong>adfert.</strong></span> 
     </span>
     <span class='ocr_line' id='line_1_31' title="bbox 249 4272 1284 4363; baseline 0.007 -27"><span class='ocrx_word' id='word_1_231' title='bbox 249 4272 403 4356; x_wconf 78' lang='lat' dir='ltr'><strong>MaJorem</strong></span> <span class='ocrx_word' id='word_1_232' title='bbox 425 4281 531 4340; x_wconf 88' lang='lat' dir='ltr'><strong>autem</strong></span> <span class='ocrx_word' id='word_1_233' title='bbox 547 4274 612 4341; x_wconf 90' lang='lat' dir='ltr'><strong>vim</strong></span> <span class='ocrx_word' id='word_1_234' title='bbox 627 4276 716 4343; x_wconf 90' lang='lat' dir='ltr'><strong>locus</strong></span> <span class='ocrx_word' id='word_1_235' title='bbox 733 4276 830 4342; x_wconf 90' lang='lat' dir='ltr'><strong>habet</strong></span> <span class='ocrx_word' id='word_1_236' title='bbox 846 4277 966 4363; x_wconf 70' lang='lat' dir='ltr'><strong>ternus,</strong></span> <span class='ocrx_word' id='word_1_237' title='bbox 988 4276 1042 4361; x_wconf 86' lang='lat' dir='ltr'><strong>qui</strong></span> <span class='ocrx_word' id='word_1_238' title='bbox 1064 4283 1097 4345; x_wconf 85' lang='lat' dir='ltr'><strong>et</strong></span> <span class='ocrx_word' id='word_1_239' title='bbox 1116 4275 1151 4343; x_wconf 93' lang='lat' dir='ltr'><strong>in</strong></span> <span class='ocrx_word' id='word_1_240' title='bbox 1172 4274 1284 4343; x_wconf 89' lang='lat' dir='ltr'><strong>eodem</strong></span> 
     </span>
    </p>
   </div>
   <div class='ocr_carea' id='block_1_5' title="bbox 0 0 1534 5166">
    <p class='ocr_par' dir='ltr' id='par_1_5' title="bbox 0 0 1534 5166">
     <span class='ocr_line' id='line_1_32' title="bbox 0 0 1534 5166; baseline 0 0"><span class='ocrx_word' id='word_1_241' title='bbox 0 0 1534 5166; x_wconf 95' lang='lat' dir='ltr'><strong> </strong></span> 
     </span>
    </p>
   </div>
  </div>
 </body>
</html>
