3066 5162
569 489 902 542 τεκεοπεατπποε.
1184 462 1255 532 131

220 661 410 741 ἀλαζονείαν
433 660 539 728 αὐτῶν
561 662 615 727 καὶ
635 658 698 746 τήν
719 665 755 727 ἐν
775 673 844 735 τοῖς
871 652 979 749 λόγοις
1005 661 1258 752 τερατουργίαν·

220 772 258 832 οἴ
280 791 318 855 γε
346 773 460 852 πρῶτα
489 770 554 853 μέν
583 766 636 831 ἐπί
668 772 729 854 γῆς
760 760 938 852 βεβηκότες
971 765 1023 830 καί
1056 766 1164 853 μηδὲν
1192 774 1260 834 τών

218 869 322 958 χαμαί
350 872 532 958 ἐρχομένων
553 868 653 955 ήμῶν
674 868 882 959 ὑπερέχοντες
912 868 974 935 ἀλλ’
1000 868 1077 936 οὐδὲ
1107 869 1260 957 όξίιτερον
1345 891 1356 908 ’

218 980 280 1039 τοῦ
312 973 454 1058 πλησίον
488 971 691 1059 δεδορκότες,
728 972 809 1039 ένιοι
843 972 878 1040 δὲ
910 974 965 1039 καλ
997 972 1064 1040 ἀπό
1097 972 1203 1063 γήρως
1235 973 1258 1059 ή

220 1077 333 1166 ἀργίας
355 1076 632 1165 ἀμβλυώττοντες,
658 1079 749 1164 ὅμως
772 1076 913 1163 οὐρανοῦ
937 1103 973 1143 τε
995 1078 1123 1164 πέρατα
1145 1078 1260 1164 διορᾶν

220 1179 365 1267 ίφασκον
385 1182 440 1248 καί
460 1178 521 1248 τάν
541 1182 636 1267 ήλιον
657 1182 893 1267 περιεμέτρουν
914 1181 967 1246 καλ
995 1195 1063 1258 τοῖς
1092 1178 1175 1268 όπέρ
1197 1179 1261 1268 τήν

221 1283 361 1371 σελήνην
384 1284 594 1373 ἐπεβάτευον,
624 1287 678 1352 καλ
707 1286 814 1371 ὤσπερ
842 1290 876 1351 ἐκ
904 1294 970 1352 τῶν
992 1284 1136 1372 ἀστέρων
1158 1311 1259 1354 κατα-

219 1388 377 1465 πεσόντες
404 1392 533 1519 μεγέθη
556 1416 592 1456 τε
615 1389 798 1456 αὐτῶνκαὶ
821 1387 972 1479 σχήματα
996 1388 1173 1479 διεξῄεσαν.
1206 1393 1260 1458 καί

219 1492 388 1575 πολλάκις,
424 1521 452 1562 ει
484 1493 590 1584 τάγοι,
625 1493 714 1580 μηδὲ
748 1491 869 1561 ὀπόσοι
899 1492 1026 1560 στάδιοι
1054 1493 1260 1583 Μεγαρόθεν

215 1596 383 1684 Ἀθήναζέ
412 1601 491 1665 εἰσιν
527 1597 664 1684 ἀκριβῶς
693 1601 714 1639 ⁴*
742 1596 955 1685 ἐπιστάμενοι
983 1596 1020 1665 τό
1050 1597 1172 1686 μεταξδ
1201 1608 1260 1684 τῆς
1277 1617 1328 1670 758

220 1701 357 1789 σελήνης
389 1702 442 1769 καί
474 1710 533 1769 τοῦ
566 1700 662 1787 ήλίου
692 1702 808 1827 χωρίον
838 1698 972 1769 οπόσων
1001 1704 1050 1785 εἴη
1079 1708 1190 1793 πηχῶν
1220 1696 1259 1770 τό

217 1809 363 1896 μέγεθος
392 1804 540 1893 ἐτόλμων
567 1805 732 1895 λέγειν,’
714 1808 808 1892 αέρος
837 1831 872 1872 τε
905 1808 975 1891 ὕφη
1004 1807 1058 1871 καλ
1089 1803 1259 1893 θαλάττης

216 1910 311 1998 βάθη
334 1913 388 1977 καὶ
409 1919 470 2001 γῆς
491 1910 665 1997 περιόδους
687 1908 948 1997 ἀναμετροῦντες
953 1960 964 1990 ,
997 1909 1045 1977 ότι
1069 1911 1105 1977 δέ
1126 1908 1259 1988 κύκλους

218 2013 480 2104 καταγράφοντες
508 2018 561 2082 καὶ
590 2015 727 2103 τρίγωνα
757 2015 811 2080 ἐπὶ
839 2014 1052 2104 τετραγώνοις
1074 2014 1259 2106 διασχημα-

216 2120 358 2199 τίζοντες
379 2120 432 2185 καί
456 2119 594 2207 σφαίρας
615 2117 706 2195 τινάς
726 2118 885 2197 ποικίλας,
910 2117 971 2184 τόν
988 2115 1132 2205 οὐρανόν
1152 2120 1259 2205 δῆθεν

219 2221 321 2290 αὐτόν
342 2231 623 2315 περιμετροῦντες.
671 2226 700 2291 7.
735 2221 847 2289 ἔπειτα
878 2220 913 2288 δὲ
941 2220 1069 2288 κάκεῖνο
1099 2230 1169 2298 πῶς
1199 2223 1258 2290 οδκ

218 2327 375 2417 άγνωμον
409 2327 517 2395 αὐτῶν
549 2328 602 2393 καί
635 2328 800 2401 παντελῶς
831 2326 1073 2412 τετυφωμένον,
1111 2324 1149 2393 τό
1183 2330 1258 2413 περλ

216 2441 283 2499 τῶν
305 2433 408 2507 οὕτως
430 2430 558 2516 ἀδήλων
580 2433 733 2520 λέγοντας
761 2429 867 2517 μηδέν
891 2429 934 2505 ὡς
956 2427 1142 2509 εἰκάζοντας
1170 2430 1257 2497 ἀπο-

219 2681 250 2730 V.
270 2680 302 2731 L.
321 2696 347 2745 p.
369 2679 421 2733 297
440 2680 510 2730 hanc
529 2682 607 2746 quasi
625 2681 745 2745 ineptam
763 2695 857 2731 vocem
874 2684 902 2729 et
911 2678 1047 2744 glossema
1065 2682 1165 2730 frustra
1182 2679 1256 2730 δελε-

217 2750 272 2816 b'at.
295 2772 323 2816 ai
339 2765 476 2833 γωρλονλι.
488 2766 505 2817 1.
517 2773 547 2816 ut
564 2783 647 2833 saepe
665 2766 766 2825 ‚locum
786 2764 841 2829 (ben
852 2762 957 2825 λδαιυττ)ι
976 2765 1119 2831 significat.
1197 2772 1258 2831 post

218 2845 331 2901 ἀπάταν
348 2854 375 2902 in
394 2853 421 2903 Μ
440 2855 565 2919 spatium,
592 2854 663 2919 quod
687 2847 721 2903 ἀν
745 2853 843 2918 rapiat.
923 2848 1019 2915 πηχῶν
1042 2850 1101 2901 libri
1126 2852 1178 2902 hoc
1202 2868 1256 2903 uno

98 2976 110 2995 ,,
218 2939 331 2989 Luciani
350 2940 421 2991 Ιοεο.
458 2956 518 2990 nam
537 2941 565 2989 in
584 2941 659 2991 Verr.
671 2939 837 3002 Hist.11,11,
856 2938 920 2988 ibid.
939 2939 975 3001 11,
994 2935 1026 2990 37
1047 2944 1074 2988 τι
1088 2939 1183 3004 Navig.
1203 2941 1255 2990 σά

218 3031 291 3076 recte
310 3024 410 3091 legitur
425 3021 544 3090 πήχεων.
581 3029 699 3092 itemque
722 3028 750 3076 in
775 3025 853 3076 Gallo
879 3042 902 3075 c.
921 3024 953 3077 21
981 3030 1054 3075 recte
1079 3025 1140 3075 iibri
1163 3027 1256 3091 optimi

218 3111 331 3176 τειχέων
354 3129 402 3178 pro
425 3109 531 3178 τειγυίν.
568 3114 714 3178 Phryniehi
740 3114 767 3164 in
786 3112 891 3177 Ecloga
913 3116 1102 3177 praecepium,
1132 3113 1204 3177 quod
1228 3114 1256 3163 iri

218 3200 393 3251 Lobeekiana
411 3217 436 3265 p.
455 3202 507 3253 2⁴5
525 3216 652 3266 perverse
671 3201 798 3265 scripturn
819 3204 869 3260 est,
890 3197 948 3262 jam
967 3198 1029 3247 olim
1050 3199 1101 3259 {De
1121 3200 1253 3249 Atticism.

219 3287 285 3336 Luc.
305 3288 316 3336 Ι
336 3304 362 3352 p.
382 3287 426 3350 14)
446 3304 461 3337 υ
480 3287 574 3337 codiee
585 3286 731 3352 Phrynichi
742 3287 864 3337 Parisino
884 3301 927 3350 ap.
940 3284 1256 3336 Bachmann.Anecd.Ii

218 3388 244 3438 p.
263 3371 315 3424 302
333 3374 450 3424 correxi:
470 3373 547 3440 eujus
566 3376 605 3425 rei
622 3375 757 3440 ignoratio
776 3372 863 3423 fraudi
881 3373 1103 3422 fuitButtmanno
1115 3370 1160 3421 Gr.
1173 3371 1257 3422 Gru

218 3476 245 3525 p.
265 3458 316 3513 402
335 3461 377 3511 ed.
397 3463 473 3526 prim.
494 3463 551 3512 sive
569 3462 582 3512 I
599 3478 625 3527 p.
647 3459 696 3512 190
715 3460 757 3512 εδ.
777 3459 897 3511 Lobeck.
968 3452 1097 3511 ποικίλας
1113 3463 1188 3508 reete
1206 3459 1255 3510 ha·

218 3547 273 3597 bei.
309 3548 438 3612 sphaeras
462 3549 528 3599 dicit
551 3546 738 3610 ,artificiosas‘.
817 3541 1059 3613 περιμετροῦντεε]
1084 3547 1122 3595 ita
1140 3545 1255 3609 conjeci.

148 3634 151 3641 ’
220 3627 438 3699 ἀναμετροῦντες
461 3633 521 3695 (σεδ
546 3637 643 3686 omisso
669 3629 765 3701 αάτόν)
789 3650 813 3684 α.
853 3628 1064 3699 ἐπιμετροῦντες
1088 3630 1161 3682 ΤΩΦ
1185 3637 1212 3682 et
1228 3647 1255 3681 τ.

220 3721 313 3771 confer
329 3736 411 3785 supra
430 3721 482 3772 αδ
501 3722 564 3771 init:
582 3717 632 3771 τόν
649 3715 730 3787 ἥλιον
746 3720 957 3788 περιεμέτρουν.
986 3736 1047 3770 ωεστ
1067 3713 1256 3784 ἀναμετροῦν-

218 3821 263 3861 m
280 3822 313 3856 ex
332 3806 458 3858 οδ.1·Ἶοτ.
477 3808 538 3860 ideo
557 3810 641 3875 recipi
659 3825 713 3859 non
732 3809 822 3867 debet,
843 3807 914 3873 quod
933 3807 961 3856 id
978 3808 1065 3871 ipsum
1082 3806 1178 3870 paucis
1194 3820 1255 3856 ver-

220 3894 260 3944 bis
278 3899 341 3945 anie
360 3896 488 3959 seriptum
507 3902 604 3946 exstat.
641 3897 761 3947 Cobetus
779 3896 811 3945 V.
831 3896 863 3945 L.
882 3911 908 3959 p.
927 3892 979 3947 255
1004 3908 1052 3957 pro
1074 3886 1255 3958 ἐπιμετροῦν-

217 3996 270 4040 τετ,
292 3981 364 4046 quod
382 3983 420 4031 rei
439 3984 604 4033 conveniens
624 3998 684 4033 οεεε
698 3983 760 4048 jure
771 3983 889 4047 negavit,
909 3980 964 4044 legi
981 3980 1068 4030 voluit
1087 3984 1134 4030 aut
1152 3973 1256 4045 ἀναμε-

218 4064 349 4132 τροῦντες
366 4073 414 4119 aut
432 4061 647 4135 διαμετροῦντες
664 4076 711 4122 aut
728 4070 840 4135 simplex
858 4062 1032 4134 μετροῦντες,
1054 4067 1151 4133 quibus
1170 4069 1254 4119 omni-

220 4156 269 4206 bus
288 4156 315 4206 id
333 4155 406 4222 quod
425 4172 475 4221 ego
494 4159 573 4221 posui
591 4158 698 4208 videtur
714 4162 863 4223 praestare.

289 4242 314 4295 7.
349 4242 553 4308 τετυφωμένων
571 4242 604 4294 G.
686 4236 716 4293 δέ
740 4249 801 4309 post
825 4235 1011 4292 ὑδατοποτεῖν
1028 4258 1071 4292 om
1092 4241 1124 4293 G.
1205 4238 1255 4291 τοῦ

218 4321 298 4393 ἡλίου
317 4328 425 4381 ΦΟΛε.
462 4325 512 4379 τοῦ
529 4323 609 4395 ἡλίου
627 4333 675 4379 καλ
693 4331 724 4381 V.
761 4333 808 4379 κοιλ
830 4326 881 4383 wi
905 4320 984 4394 ήλλου
1008 4345 1034 4378 v.
1113 4320 1254 4391 θαλάττηι

221 4414 311 4468 ΦΟΛ.
346 4408 491 4482 θαλάσσης
507 4434 533 4467 v.
607 4410 638 4476 έξ
655 4413 715 4467 ἴσον
733 4415 822 4469 UGA.
861 4409 924 4481 ἐξῆν
941 4433 958 4466 τ
977 4421 1004 4467 et
1021 4416 1136 4467 fortasse
1155 4415 1190 4465 Φ.

1015 4494 1050 4552 9*
