3046 5166
280 358 387 415 XXXII
663 358 933 416 PROLEGOMENA

280 514 384 599 mugis
404 513 550 581 novimus
572 532 667 597 quum
688 513 839 601 Murcum,
861 534 993 597 quorum
1015 513 1068 580 hie
1088 513 1122 579 in
1145 513 1321 601 epigraphe

276 635 353 721 joco
374 635 489 703 dieitur
510 635 702 721 ,Βίιιουουιιοό1
725 656 860 718 quocum
883 655 1072 722 componere
1089 635 1183 719 juvat
1201 637 1321 702 Tulliu-

280 777 357 823 uum
378 756 561 843 ‚bimaritus‘
584 758 656 843 (pro
677 757 808 823 Plancio
831 777 857 822 e.
871 759 912 821 12
934 758 1032 841 §30).
1065 756 1155 823 Alter
1177 758 1321 842 ejusdem

281 878 420 945 Bimurei
440 878 529 947 loeus
557 878 634 945 item
660 878 694 945 in
714 878 819 945 Nonio
849 884 898 944 est
925 900 957 965 p.
979 878 1054 963 535,
1070 880 1141 945 21:
1173 875 1322 962 ,τρόπον

281 995 424 1084 τρόπους
446 1000 501 1083 qui
521 1021 586 1067 uon
607 998 701 1066 modo
723 1000 888 1085 ignorasse
903 1020 956 1066 me
971 1000 1096 1084 elamat,
1116 997 1175 1065 sed
1193 999 1320 1065 omuino

282 1121 385 1187 omnis
406 1119 520 1189 herous
541 1128 639 1207 neget
659 1120 817 1187 nemisse,
851 1120 915 1187 Ubi
935 1120 1071 1207 primum
1089 1119 1229 1187 varietur
1247 1140 1320 1205 ,quo

281 1242 355 1309 οοοί
377 1242 449 1327 (prs
471 1242 536 1328 ,qui
556 1242 645 1326 uon‘)
666 1240 782 1308 deiude
804 1242 836 1307 in
857 1261 921 1308 uuo
942 1241 1053 1307 esdiee
1073 1206 1229 1326 ,herohss‘
1246 1243 1320 1327 (pro

282 1363 440 1447 ,heroas‘)‚
469 1369 628 1448 postremo
657 1361 725 1429 eeu
747 1362 909 1429 Parisinus
938 1362 1050 1429 habet:
1081 1363 1231 1448 ,nescisse
1258 1381 1320 1444 quo

281 1483 376 1551 ludis‘
404 1485 477 1570 (pro
505 1504 569 1551 uuo
597 1483 693 1550 verbo
723 1484 906 1568 memisse).
969 1482 1159 1550 Trimestros
1192 1489 1321 1549 austere

283 1606 313 1672 J.
336 1604 480 1672 Vahleuo
513 1606 563 1690 (ln
593 1605 683 1671 Varr.
711 1604 778 1669 Sat.
799 1604 880 1672 Mem
910 1603 999 1688 reliq.
1029 1625 1059 1690 p.
1085 1605 1161 1690 137)
1195 1604 1320 1671 Riesius

282 1747 315 1814 p.
336 1729 398 1795 106
419 1728 466 1792 itu
486 1725 696 1812 redintegrari
717 1725 832 1792 uoluit:

369 1843 530 1931 ,Τρόυαυ
552 1845 696 1933 τρόπους
721 1848 860 1932 quintin
882 1846 976 1912 modo
997 1847 1162 1932 ignouisse
1183 1867 1235 1914 me

370 1968 502 2054 Clamet,
524 1967 582 2035 sed
603 1969 732 2036 omnine
753 1967 854 2035 <imnis
876 1969 990 2036 herous
1010 1976 1108 2054 neget
1235 1970 1238 1973 ’

368 2090 526 2157 Nescisse‘

182 2194 186 2201 ’
282 2214 316 2280 in
337 2213 519 2280 uuiversum
539 2217 632 2277 reete.
676 2211 719 2276 At
746 2230 843 2294 quum
870 2210 951 2279 istus
973 2211 1056 2298 ,quo‘
1085 2231 1149 2278 uon
1177 2211 1220 2278 ud
1247 2233 1277 2277 v.
1300 2213 1320 2276 3

283 2333 341 2403 sed
362 2334 405 2401 ud
426 2355 456 2401 v.
481 2335 498 2398 1
529 2333 558 2400 h.
581 2353 608 2398 e.
630 2331 674 2398 ud
695 2352 768 2417 ‚quo
789 2332 863 2398 nou‘
891 2338 1038 2419 spectare
1067 2332 1220 2418 videatur,
1251 2331 1319 2399 eod.

282 2456 447 2524 Parisinus
468 2452 561 2519 doeet
581 2452 628 2518 its
648 2453 755 2538 potius
777 2452 998 2538 corrigendum
1018 2474 1105 2521 esse:

370 2571 534 2661 ,Τρόττυυ
554 2569 699 2657 τρόπους
723 2574 778 2658 qui
799 2580 862 2642 min
884 2574 978 2642 modo
999 2575 1163 2659 ignorusse
1184 2548 1235 2641 me

370 2696 504 2780 clamet,
526 2694 584 2762 sed
606 2694 733 2762 omnino
761 2696 864 2763 omnis
885 2696 999 2764 herous
1020 2703 1116 2782 negat

369 2817 518 2885 Nescisse
539 2816 650 2883 ludss‘.

283 2939 440 3005 Nimirum
462 2938 517 3022 qui
538 2937 683 3004 heroicos
710 2937 803 3005 ludos
832 2939 1002 3024 neseiebut,
1032 2938 1061 3005 is
1089 2958 1131 3005 ue
1151 2937 1321 3004 Homerum

284 3058 411 3144 quidem
439 3079 544 3143 neque
572 3058 710 3144 tragicos
737 3058 872 3145 legerat,
905 3081 926 3127 a
954 3060 1068 3143 quibus
1096 3059 1175 3169 ludi·
1192 3059 1321 3127 heroum

283 3182 429 3247 funebres
450 3180 579 3248 abunde
601 3178 752 3266 descripti
766 3187 848 3247 sunt.
877 3180 942 3247 Sed
963 3180 1049 3265 quod
1069 3180 1112 3248 ud
1134 3201 1174 3247 eu
1190 3179 1321 3264 adtinet,

284 3302 398 3387 quibus
418 3301 498 3366 nihil
527 3321 597 3369 esse
624 3301 750 3368 videtur
778 3302 951 3388 obscurius,
980 3302 1052 3369 dieo
1081 3302 1180 3370 verbu
1207 3301 1322 3388 prioris
1423 3308 1426 3312 ’

282 3422 452 3509 fragmenti
477 3422 567 3507 ,usui
589 3418 736 3506 ‘coisse‘
763 3423 900 3508 itemque
926 3424 1056 3491 ulterius
1084 3421 1228 3509 ,τρόπον
1250 3417 1321 3506 τρό-

283 3552 394 3623 πουςΐ,
430 3544 536 3611 omnia
568 3543 773 3629 interpretum
813 3547 937 3613 somnia
974 3545 1114 3632 prudens
1154 3545 1321 3626 sciensque

283 3668 402 3735 omitto.
446 3665 586 3746 Quorum
606 3666 711 3732 nullus
733 3664 814 3733 vidit
833 3666 914 3734 huee
941 3667 1014 3753 ipsa
1042 3666 1141 3735 verba
1168 3664 1212 3733 ud
1233 3685 1320 3751 seep-

282 3790 363 3856 tieos
384 3787 592 3875 philosophos
612 3788 706 3854 unice
726 3786 893 3855 referende
913 3808 1005 3859 esse„
1030 3788 1109 3855 Vide
1129 3788 1208 3855 mihi
1220 3788 1321 3854 Aene-

283 3908 438 3976 sidemum
470 3930 523 3995 ap.
543 3909 638 3995 Diog.
660 3909 764 3977 Luert.
786 3910 843 3994 IX,
872 3910 929 3974 79:
964 3912 999 3975 ui
1025 3907 1055 3974 δ’
1081 3906 1217 3995 ἀπορίαι
1237 3905 1320 3973 κατὰ

283 4026 343 4102 τοὶς
365 4028 556 4114 συμφωνίας
577 4035 643 4095 τῶν
671 4032 882 4115 φαινομέναν
902 4021 925 4114 ἢ
948 4030 1150 4115 υοουμὲυαυ,
1176 4031 1216 4105 ἃς
1237 4028 1321 4095 οἷαο-

284 4147 432 4226 δόόοοαυ,
456 4144 545 4232 ἦσαν
565 4146 648 4214 κατὰ
671 4148 747 4216 δέκα
767 4147 922 4237 τρόπους,
947 4147 1021 4215 καθ’
1048 4151 1105 4225 οὓς
1125 4148 1166 4216 τοὶ
1188 4148 1322 4218 ὑποκεί-

282 4293 373 4355 ,ατυα
399 4266 669 4357 παραλλάττοντα
697 4271 858 4359 όφαόυοτο.
904 4269 1042 4347 τούτους
1073 4270 1108 4338 cii
1137 4270 1216 4347 τοὺς
1245 4271 1323 4339 δέκα
