3050 5160
1244 364 1284 419 xl

244 516 302 582 tuli
324 520 356 582 et
377 514 576 583 Monacensis
598 516 662 582 336
686 513 763 602 (Π),
790 534 884 598 quem
906 515 941 582 L.
963 515 1126 602 Spengalii
1148 516 1283 584 benere

244 636 364 703 lentiae
390 634 501 704 debeo.
558 636 610 702 De
638 635 698 703 hoc
727 635 884 720 codicillo,
924 636 978 719 qui
1007 636 1041 701 in
1067 635 1128 704 hoe
1154 637 1284 723 dialogo

244 776 321 825 vere
342 764 391 825 est
410 753 581 842 epicturus
603 762 723 823 ἑαυτοῦ
744 757 913 841 multisque
927 757 1078 844 vulgatae
1090 765 1178 826 caret
1187 759 1284 845 vitiis,

244 880 277 946 in
298 878 437 947 Praeda
459 879 485 964 I,
515 881 532 945 1
555 900 588 965 p.
609 878 671 945 VH
692 884 724 945 et
744 878 786 963 11,
817 880 833 944 1
857 898 890 965 p.
913 879 958 945 VI
985 880 1064 946 satis
1085 879 1205 947 dictum
1226 887 1284 947 est.

244 1003 393 1070 Omnium
422 1020 498 1068 vero
529 1000 668 1086 optimus
688 1006 738 1066 est
759 998 1014 1067 vindobonensis
1040 1003 1100 1067 123
1124 1002 1189 1087 (Β),
1211 1022 1284 1068 con-

244 1126 327 1192 latus
355 1123 411 1191 ille
438 1121 508 1189 eive
536 1120 578 1187 ab
608 1120 766 1188 Jacobitio
795 1121 865 1188 eive
892 1122 1079 1207 Scbnbarto,
1107 1123 1162 1207 qui
1184 1120 1285 1189 codex

244 1244 381 1329 §4fin
410 1264 432 1310 a
459 1242 566 1310 vorbis
594 1240 647 1307 nol
669 1249 831 1309 θιασῶται
853 1243 975 1331 incipit.
1021 1245 1193 1311 Praeterea
1221 1242 1284 1310 duo

104 1394 112 1404 ·
245 1341 409 1434 naeuos
438 1365 522 1430 oon
548 1363 603 1451 (o)
631 1370 665 1430 a
691 1364 777 1430 cecc
805 1365 865 1449 (u)
889 1365 1020 1440 nemu
1047 1365 1168 1452 pesam
1196 1364 1285 1432 arne

244 1489 295 1556 Ex
321 1487 363 1555 ila
391 1492 497 1555 autam
526 1485 630 1570 libris,
663 1485 718 1569 qui
743 1485 813 1569 jam
841 1486 1014 1571 antiquitus
1040 1487 1177 1574 inspecti
1203 1494 1286 1574 sunt,

244 1610 398 1678 familiam
420 1605 508 1676 ducit
529 1604 631 1675 codex
652 1606 784 1674 Graevii
805 1608 872 1694 (V),
904 1609 960 1692 qni
981 1629 1208 1696 saepenumero
1230 1607 1286 1676 ad·

245 1735 328 1799 latus
351 1737 408 1798 eet
454 1729 572 1797 Contra
586 1748 716 1815 panaro
730 1729 865 1815 Longoli
888 1736 1039 1817 excerpta
1052 1731 1111 1816 (U)
1134 1737 1166 1798 et
1187 1731 1285 1798 semel

244 1861 367 1923 tantum
387 1872 498 1939 margo
519 1849 656 1918 AldInae
678 1851 735 1937 (Y)
758 1852 968 1919 nominantur.
1023 1852 1080 1920 Est
1106 1858 1213 1919 autem
1234 1852 1286 1919 bic

246 1975 392 2062 didogus
421 1993 518 2058 quum
539 1971 617 2039 alibi
645 1972 774 2041 vitiatus
796 1979 892 2057 atque
914 1982 1089 2062 corruptus,
1112 1981 1178 2040 tum
1201 1976 1287 2041 circa

100 2156 106 2161 ,
245 2096 341 2162 finem
361 2094 541 2163 incredibili
562 2093 656 2161 modo
685 2093 879 2181 depravatus
902 2094 990 2179 (inde
1011 2097 1053 2162 ab
1074 2099 1094 2179 ὅ
1116 2097 1283 2181 22-33).

246 2216 281 2283 Si
309 2237 330 2283 a
355 2215 449 2283 bonis
481 2216 603 2300 aliquot
629 2215 763 2284 Gesneri
793 2215 1066 2283 observationibus
1093 2217 1285 2304 discedatur,

246 2337 489 2426 commentarius
510 2344 614 2405 exstat
634 2336 749 2423 nudus,
780 2356 884 2422 neque
906 2338 1008 2404 oritid
1037 2358 1109 2405 eum
1131 2339 1193 2406 nisi
1214 2361 1285 2426 per-

246 2479 318 2527 raro
334 2457 522 2545 adtigernnt.
563 2460 650 2526 Inter
666 2479 722 2536 eos
732 2465 839 2526 autem
856 2457 1143 2526 ΔΡΑΠΕΤΩΝ
1151 2459 1286 2546 codices,

247 2580 361 2666 quibua
382 2601 442 2668 ego
470 2578 576 2647 adbuc
597 2579 695 2667 carui,
728 2586 778 2647 eet
798 2581 939 2648 Venatus
960 2582 1025 2647 434
1046 2579 1123 2667 (tl),
1160 2582 1193 2648 in
1222 2601 1285 2666 quo

246 2701 299 2769 bic
319 2701 400 2769 liber
427 2709 609 2769 numeratus
637 2708 686 2768 est
706 2701 824 2768 LXIX.
875 2701 958 2769 Vide
985 2702 1286 2779 Sommerbrodtium

247 2823 280 2889 in
302 2821 380 2891 cod.
403 2823 499 2890 Marc.
524 2823 621 2891 beet,
641 2845 673 2910 p.
697 2823 782 2889 VIII.
834 2824 990 2910 Sequitur,
1019 2830 1055 2890 ut
1076 2825 1225 2909 tabulam,
1252 2824 1286 2889 in

250 2963 314 3027 qua
335 2926 512 3011 conlocatio
533 2943 684 3010 librorum
706 2945 847 3031 vulgmis
877 2965 948 3039 cum
970 2952 1078 3013 nostra
1099 2946 1286 3031 conferatur,

249 3064 432 3149 subjiciam
523 3053 525 3056 ’

947 3191 1065 3263 vulgatu
1082 3192 1178 3247 ordine
1213 3208 1286 3248 nunc

248 3290 460 3358 ΠΛΟΙΟΝ
477 3291 521 3357 Η
538 3290 698 3361 ΕΥΧΑΙ
718 3343 1015 3360 ..........
1060 3295 1102 3360 66
1146 3331 1189 3342 -
1235 3294 1274 3359 18

247 3412 500 3480 ΝΙΓΡΙΝΟΣ
532 3462 1015 3482 ................
1081 3416 1101 3479 3
1145 3453 1187 3463 -
1235 3417 1275 3481 19

247 3533 534 3602 ΣΥΜΠΟΣΙΟΝ
555 3533 595 3598 Η
615 3533 844 3602 ΛΑΠΙΘΑΙ
880 3586 1013 3602 .....
1059 3537 1097 3600 ll
1146 3574 1188 3583 -
1233 3536 1276 3601 20

248 3655 604 3741 ΕΡΜΟΤΙΜΟΣΗ
616 3654 743 3722 ΠΕΡΙ
753 3656 1021 3723 ΑΙΡΕΣΕΩΝ
1060 3657 1104 3722 20
1147 3695 1189 3704 -
1232 3658 1273 3722 21

130 3846 134 3853 ,
249 3776 517 3846 ΔΡΑΠΕΤΑΙ
537 3825 1014 3846 ................
1060 3778 1102 3842 69
1146 3816 1190 3825 -
1233 3779 1285 3845 22.

248 3915 395 3983 (laterum
416 3938 547 4004 operam
568 3916 652 3983 dabo
676 3916 855 4002 maximam,
877 3923 914 3981 ut
934 3922 967 3982 et
987 3916 1117 4002 genuini
1138 3915 1211 3983 libri
1233 3915 1287 4001 qui

249 4037 376 4121 quidem
414 4038 519 4106 adbuc
553 4044 675 4107 restant
711 4059 807 4123 quam
839 4039 975 4126 primum
1011 4037 1064 4105 edi
1095 4013 1226 4126 possint*
1255 4046 1287 4106 et

251 4165 287 4223 nt
319 4159 377 4225 boe
414 4159 584 4228 adulterini
615 4181 656 4227 ne
689 4161 807 4247 pisino‘
850 4159 977 4246 quidem
1011 4167 1145 4249 excepto
1177 4179 1287 4226 omnes

250 4280 361 4349 ordine
383 4282 516 4365 quisque
536 4282 751 4367 insequantur.
802 4284 913 4369 Nuper
935 4283 1019 4350 enim
1040 4281 1083 4349 ad
1112 4281 1287 4349 Lucianum
