3050 5160
593 356 643 410 AD
670 355 868 415 nucluuou.
982 396 984 403 «
1075 374 1080 382 ·
1190 359 1256 415 XXI

215 510 412 596 Lueretium,
446 509 538 594 eujus
564 509 653 577 loeus
682 510 717 576 in
746 529 803 576 suo
830 528 947 596 genere
974 511 1087 581 uniens
1109 520 1173 599 est,
1206 513 1256 581 De

215 636 252 700 R.
275 633 314 699 N.
337 632 376 717 V,
399 632 479 699 247:
513 622 664 716 ‚iilud'in
694 631 744 698 his
772 631 867 697 rebus
895 651 937 698 ne
966 633 1157 719 corripuisse
1188 656 1256 703 rea-

216 755 260 821 ris
302 754 306 840 Ι
347 774 398 821 me
431 753 526 840 mihi,
568 751 653 839 quod
693 758 810 819 terram
843 758 939 837 atque
971 753 1076 841 ignem
1109 757 1256 824 mortalis

216 876 314 943 snmsi
345 875 350 960 1
381 876 461 942 esso‘
491 915 544 962 -‚
577 876 632 942 ubi
662 894 758 958 quum
787 874 962 941 Lambinus
990 875 1072 943 falsa
1100 877 1256 964 seriptum

215 996 361 1084 ,Memmi‘
384 996 455 1084 (pro
478 1016 539 1082 ‚me
560 996 662 1082 mihi‘)
690 995 843 1082 deeeptus
866 997 949 1063 mole
971 972 1176 1082 conjecisset:
1204 1019 1256 1085 ‚ne

199 1139 268 1205 'me
288 1118 461 1204 arripuisse
482 1117 591 1203 rearis,
614 1116 767 1184 Memmi‘:
790 1116 919 1183 tandem
929 1117 1154 1187 Leehmennus
1175 1121 1255 1188 anii-

217 1260 312 1324 quam
332 1239 517 1305 lectionem:
551 1259 602 1325 ,ne
631 1238 821 1324 corripuisse
839 1239 947 1305 ‘rearis
980 1259 1031 1306 me
1062 1241 1150 1308 mibi‘
1180 1243 1255 1326 juro

216 1362 336 1448 optimo
357 1361 502 1428 restituit.
544 1359 610 1426 Sed
633 1360 710 1444 quid
737 1360 818 1427 haee
846 1365 911 1427 tem
938 1361 1061 1430 minuta
1082 1370 1255 1450 consector,

216 1503 312 1568 quum
333 1502 415 1549 unus
436 1482 525 1549 loeus
545 1482 627 1549 bene
649 1483 762 1569 longus
784 1482 872 1548 litem
900 1503 1025 1550 omnem
1054 1484 1191 1571 dirimat,
1220 1486 1255 1552 in

217 1624 279 1689 qno
302 1610 334 1671 et
355 1603 462 1670 omnia
479 1602 613 1671 Lueieni
635 1623 706 1671 oum
727 1603 824 1672 Sexto
845 1624 950 1692 paene
970 1606 1161 1674 verbotenus
1183 1627 1255 1674 eon-

216 1726 355 1793 sentiunt
376 1732 409 1793 et
430 1727 484 1810 qui
505 1726 692 1793 Hermotimi
714 1727 802 1793 loeus
825 1725 981 1811 ejusmodi
1003 1734 1059 1814 est,
1089 1734 1124 1795 nt
1152 1728 1185 1795 in
1215 1748 1254 1795 eo

216 1847 311 1914 totius
343 1846 567 1935 disputationis
596 1854 629 1915 et
660 1846 781 1934 dialogi
811 1868 934 1915 summa
962 1854 1111 1917 vertatur.
1165 1850 1281 1918 Hnee‘

216 1967 289 2036 dioo
309 1969 344 2035 in
366 1969 506 2037 Hermot.
530 1973 550 2052 ἕ
573 1971 632 2035 74ι
666 1981 859 2058 προχωρεῖτε
880 1966 949 2035 ἀπὸ
970 1975 1030 2055 τῆς
1053 1968 1254 2046 ἀκολουθίας

217 2087 395 2175 ἑλκόμενοι,
423 2089 481 2157 οὐκ
511 2094 703 2165 ἐννοοῦντες
732 2091 765 2156 εἴ
790 2115 838 2179 πη
859 2089 974 2179 γένοιτ’
999 2089 1043 2158 ἀν
1065 2089 1253 2159 ἀκὸλσυθάν

216 2237 247 2276 τι
270 2209 357 2298 αὑτῷ
379 2212 433 2276 καί
455 2210 578 2297 ψεῦδος
601 2209 651 2278 ἀν.
700 2207 773 2278 οἷον
795 2212 827 2277 εἴ
844 2237 892 2287 τις
913 2212 1000 2301 λέγοι
1020 2209 1061 2279 τά
1085 2212 1134 2287 oin
1155 2213 1254 2280 πέντε

218 2329 301 2398 ἑπτά
324 2330 408 2399 εἶναι
429 2333 481 2397 καί
504 2329 545 2399 σε)
566 2330 773 2407 πιστεύσειας
802 2331 889 2420 αὐτῷ
910 2331 960 2419 μή
983 2330 1176 2419 ἀριθμήσας
1198 2332 1254 2400 ἐπὶ

219 2459 353 2531 σαυτοῦ,
380 2451 507 2529 συνάξει
531 2450 669 2539 δηλαδή,
695 2455 745 2520 ὄτι
767 2453 821 2518 καλ
842 2450 882 2519 τά
904 2450 1049 2540 τετράκις
1063 2455 1163 2521 πέντε
1177 2479 1252 2522 τεσ-

180 2586 184 2593 “
218 2573 449 2660 σαρεσκαίάεκα
475 2572 608 2651 πάντως
637 2575 704 2642 ἑστί
732 2575 787 2640 καί
815 2574 907 2664 μέχρι
928 2573 971 2642 ἀν
993 2575 1073 2641 ὅτου
1094 2572 1249 2663 ίθελήση.

218 2693 271 2762 οία
292 2697 346 2761 καί
367 2694 389 2781 ή
408 2693 592 2783 θαυμαστή
611 2696 791 2785 γεωμετρία
809 2706 914 2762 ποιεῖ·
939 2694 1069 2782 κάκείνη
1091 2694 1153 2785 γάρ
1174 2694 1252 2772 τούς

217 2822 250 2882 ἑν
274 2816 353 2906 ἀρχῇ
378 2814 534 2885 ἀλλόκοτά
555 2841 629 2885 τινα
653 2802 821 2903 αἰτήματα
843 2815 1006 2902 αἰτήσασα
1023 2817 1077 2883 καί
1094 2821 1252 2907 ξυγχωρη-

217 2944 323 3023 θηναι
344 2937 429 3027 αὕτη
452 2937 616 3016 ἀξιώσασα
639 2938 717 3006 οὐδὲ
740 2942 899 3024 σαπῆναι
920 2935 1102 3025 δυνάμενα,
1128 2935 1249 3024 σημεῖά

216 3084 290 3126 τινα
313 3058 420 3147 ἀμερῆ
442 3061 496 3126 καί
517 3058 676 3149 γραμμάς
698 3058 851 3135 ἀπλατεῖς
872 3058 926 3123 καί
948 3056 989 3125 τά
1012 3065 1165 3140 τοιαῦτα,
1197 3059 1253 3126 ἑπλ

219 3188 358 3267 σαθροῖς
385 3193 454 3257 τοῖς
476 3181 644 3269 θεμελίοις
664 3180 793 3258 τούτοις
815 3179 985 3267 οἰκοδομεῖ
1008 3179 1050 3247 τά
1078 3178 1177 3248 λοιπά
1199 3180 1253 3247 καί

148 3304 156 3317 “
218 3300 302 3378 ἀξιοῖ
321 3305 367 3378 είς
390 3298 556 3379 ἀπόδειξιν
578 3302 688 3388 ἀληθῆ
711 3302 811 3391 λέγειν
835 3300 902 3369 ἀπὸ
919 3300 1064 3384 ψευδοῦς
1078 3308 1137 3386 τῆς
1154 3300 1253 3391 ἀρχῆς

219 3421 409 3509 ὁρμωμένη.
456 3419 539 3490 κατά
571 3420 675 3490 ταάτά
705 3422 819 3491 τοίνυν
846 3423 900 3489 καί
929 3421 1024 3509 ὑμεῖς
1054 3420 1166 3498 ἀάνιες
1194 3422 1253 3498 τάς

218 3541 315 3633 ἀρχάς
335 3550 395 3629 τῆς
415 3544 632 3631 προαιρέσεως
654 3542 792 3631 ἑκάστης
820 3542 988 3612 πιστεύετε
1015 3557 1084 3620 τοῖς
1106 3550 1178 3630 ἑξῆς
1198 3544 1253 3611 καί

215 3663 386 3755 γνώρισμα
405 3671 465 3751 τῆς
488 3663 646 3751 ἀληθείας
673 3665 782 3733 αὐτῶν
803 3662 864 3751 τήν
893 3665 1096 3733 ἀκολουθίαν
1115 3664 1253 3754 ήηεῑσθε

218 3787 300 3856 εἶναι
322 3786 427 3873 ψευδῆ
452 3782 609 3874 σάσαν*),
653 3787 732 3855 Cum
764 3788 826 3855 hoe
857 3788 929 3874 ipso
955 3786 1089 3854 Luoiani
1118 3788 1188 3855 loco
1217 3785 1252 3853 G.

217 3911 253 3976 L.
266 3911 410 3978 Struvius
431 3910 465 3978 in
487 3910 587 3979 Ieott
599 3911 677 3979 Luo.
693 3931 723 3997 p.
735 3911 801 3978 240
822 3909 950 3997 egregie
973 3909 1105 3976 eontulit
1121 3909 1252 3976 Sextum

217 4031 568 4118 lumnndvtieomstr.
587 4034 618 4119 3,
642 4035 685 4099 10
704 4053 737 4119 p.
756 4032 820 4098 312
841 4033 888 4119 (p.
906 4031 970 4099 699
992 4031 1062 4114 B.):
1086 4034 1116 4097 εί
1137 4028 1167 4096 δ’
1194 4028 1252 4097 οὐκ

287 4204 314 4274 *)
330 4208 399 4264 (inm
416 4209 470 4265 hoe
486 4208 653 4265 Hermotimi
671 4210 732 4265 loeo
749 4209 845 4266 oonier
862 4210 1026 4266 Hermotim.
1043 4207 1060 4275 i
1077 4208 1110 4264 35
1128 4209 1157 4264 et
1174 4206 1191 4274 ἐ
1208 4209 1251 4273 36,

217 4295 267 4350 ubi
283 4294 381 4352 similis
398 4296 534 4364 quaedam
551 4297 643 4352 exstet
658 4312 722 4351 oum
739 4294 1057 4365 nnmeuiooomperetio.
