2952 5166
585 395 817 471 ananam„
1131 362 1207 436 269
1265 402 1267 405 ·

63 653 71 663 ι
170 565 322 636 ANHP
339 566 384 634 B.
409 563 532 645 ἔσοιτο,
558 560 680 655 ὦγαθὲ,
711 560 914 651 Τροοάρονος
928 563 1065 652 βιβλίον.
1090 510 1233 633 EPMJ

171 669 268 738 scidis
291 669 432 750 ἄτοπον,
457 670 529 737 tusi
548 670 604 736 soi
631 666 797 756 Τριφάλης
819 666 837 736 ὃ
857 675 926 736 ros
946 675 1094 755 κωμικῶν
1117 662 1172 745 οἷς.
1186 671 1208 712 ¹*
1225 688 1278 745 384

171 777 225 844 33.
261 774 550 843 ΦΙΛΟΣΟΦΙΑ.
591 770 663 853 οόν,
702 770 863 861 ὦἘρμκὴ,
902 771 1041 853 δικάζειν
1061 769 1101 840 sd
1122 770 1208 859 μετὰ

170 917 378 932 m—

171 1003 257 1059 quum
273 986 311 1042 ab
328 983 434 1057 cynicis
450 986 481 1042 ct
496 986 536 1042 eis
553 1001 669 1043 numero
685 985 779 1042 tribus
794 984 878 1041 toties
896 998 1052 1057 compressa
1068 987 1147 1052 esset,
1172 986 1211 1042 sd

172 1090 256 1147 quam
273 1089 332 1128 rem
355 1071 451 1143 paullo
473 1073 537 1141 post
559 1073 644 1128 etium
667 1089 768 1128 nomen
787 1066 931 1139 Τριφάλης
946 1072 1076 1141 pertinet
1113 1087 1210 1127 verum

171 1160 290 1216 Solanus
306 1159 503 1228 elicuimus,
530 1159 583 1215 nisi
605 1159 709 1215 librum
731 1158 922 1231 intelligamus
944 1159 981 1214 ab
998 1158 1140 1215 cantharo
1157 1157 1211 1215 hoe
1312 1220 1316 1227 .

170 1247 258 1303 titulo
282 1241 477 1314 ,Tomdocvos‘
503 1246 703 1316 conscripum,
730 1263 785 1316 quo
809 1245 878 1300 haec
902 1244 1022 1301 tendant
1044 1244 1159 1315 adsequi
1181 1260 1210 1301 ss

170 1350 251 1404 posse
267 1335 361 1404 negat.
397 1335 428 1389 st
445 1349 480 1389 ne
498 1331 589 1389 dicam
606 1334 693 1389 verba
709 1328 821 1401 βιβλίον
837 1358 871 1369 -
887 1328 945 1382 τῶν
960 1326 1090 1383 παλαιῶν
1108 1330 1211 1387 Seiano

172 1419 298 1487 obiicere,
315 1422 378 1475 tum
393 1437 478 1494 porro
494 1420 652 1491 conjecture
668 1421 788 1491 oportet,
807 1418 979 1476 Cantharam
997 1418 1027 1473 iu
1044 1417 1097 1473 hoc
1113 1417 1210 1474 libello

171 1506 278 1564 famoso
296 1524 354 1564 non
370 1507 421 1563 uni
436 1507 558 1563 Lucisne
575 1507 690 1581 ejusque
706 1507 781 1563 libro
808 1506 892 1573 ,ssope
909 1503 958 1571 τῆς
974 1504 1147 1571 Περεγρίνου
1164 1520 1210 1555 n·

171 1589 287 1660 isorr'pr‘¹
308 1611 405 1651 verum
428 1593 514 1651 etiam
535 1594 642 1653 duobus
665 1594 729 1651 aliis
753 1593 869 1665 cynismi
888 1591 1054 1649 adversariis
1077 1609 1105 1647 se
1122 1607 1210 1663 oppo-

172 1681 272 1759 suisse.
300 1698 390 1754 neque
407 1681 486 1737 aliud
503 1682 656 1752 quidquam
674 1698 707 1738 ex
724 1680 884 1737 istaSolsui
902 1679 1065 1751 conjectura
1071 1678 1211 1734 lucramur

172 1768 227 1825 uisi
244 1784 350 1824 meram
366 1768 575 1839 inscriptionem
599 1764 806 1837 ,Tpssdpssort
843 1770 875 1822 at
891 1783 950 1824 rem
968 1766 1059 1821 multo
1077 1765 1212 1836 msp'orem

171 1855 249 1911 totus
265 1854 324 1910 fers
340 1855 387 1910 bic
403 1854 531 1927 dialogum
548 1872 599 1912 nos
616 1855 705 1923 docet,
727 1855 765 1910 ab
783 1854 924 1911 Canthsro
947 1853 1044 1925 paullo
1067 1855 1134 1909 ante
1153 1870 1212 1907 sus·

171 1944 253 2011 cepta
270 1941 414 2012 Peregrini
436 1943 465 1997 et
488 1941 649 2012 cynicorum
672 1959 757 1998 causa
779 1941 908 1997 libellum
931 1941 1081 2005 famosum,
1108 1939 1212 2009 inquo

172 2027 297 2097 graviter
313 2027 436 2084 Luciano
452 2027 638 2095 malediceret,
660 2027 768 2084 editum
785 2030 871 2097 atque
893 2027 963 2083 adeo
980 2028 1010 2082 iu
1028 2026 1082 2082 hoc
1098 2027 1212 2097 dialogo

173 2110 324 2179 cantharo,
354 2112 403 2185 qui
425 2114 503 2183 prior
528 2114 655 2180 lseserst,
682 2130 842 2180 responsum
863 2129 929 2169 esse.
965 2114 1078 2184 doctum
1100 2112 1213 2182 quidem

172 2198 265 2254 virum
282 2201 311 2254 et
328 2200 472 2254 eruditum
488 2199 661 2257 cantharum
683 2200 768 2257 fuisse
790 2199 878 2256 ctiam
899 2201 1042 2270 postrema
1062 2199 1214 2255 ostendunt

173 2281 254 2353 §331
280 2284 310 2336 τί
329 2284 413 2338 τοῦτο
437 2287 612 2355 πορεπίθηο
628 2305 678 2353 —3
751 2280 895 2353 Τριφάλης
911 2286 979 2342 Bis
1002 2302 1065 2341 cum
1083 2284 1212 2341 Gesnero.

176 2366 336 2438 Τριφάλληο
352 2373 384 2424 Π
398 2375 428 2429 et
445 2391 471 2430 v,
540 2370 598 2426 wir
614 2371 744 2440 κωμικῶν
761 2373 794 2424 Π
807 2376 871 2429 etv.
907 2372 956 2428 sed
974 2367 989 2422 d
1007 2370 1064 2423 τῶν
1081 2370 1213 2438 κωμικῶν

173 2460 231 2525 BA,
248 2458 398 2531 quodiam
416 2459 484 2516 olim
501 2456 553 2526 (De
570 2459 712 2530 Aristopb
729 2459 840 2531 Fragm.
858 2478 886 2531 p.
902 2454 931 2528 7)
948 2459 1074 2528 probuvi.
1109 2458 1213 2515 dicitur

174 2544 256 2610 enim,
274 2544 303 2601 id
322 2546 397 2618 quod
415 2545 567 2603 Gesnensm
583 2563 641 2605 non
658 2547 741 2618 fugit,
759 2541 927 2613 ‚Tpspsiips‘
945 2546 1087 2605 comoedis
1103 2546 1212 2603 Aristo-

174 2630 283 2705 phanis
318 2632 349 2687 in
366 2632 419 2689 bae
436 2633 537 2689 mulier
545 2633 715 2703 Triphuietis
723 2635 837 2704 portum
850 2633 945 2703 pelam
963 2632 1124 2689 enitebatur
1140 2633 1212 2687 teste

176 2717 261 2775 sohol.
278 2717 406 2776 Platonis
421 2737 449 2790 p.
467 2719 527 2786 380,
554 2736 635 2793 quem
659 2736 770 2776 versum
792 2738 826 2778 ex
843 2720 1064 2790 Harpocratione
1081 2720 1110 2774 et
1127 2718 1213 2775 Suida

174 2821 195 2863 s.
210 2801 299 2872 ’0μοῦ
317 2806 347 2861 et
363 2805 465 2862 Photio
482 2806 580 2876 pecs,
599 2808 615 2862 5
633 2804 701 2862 olim
717 2807 760 2863 ita
777 2806 897 2863 correxi:
915 2802 1075 2878 ‚Adssowr
1094 2811 1141 2858 sar
1157 2802 1211 2875 γᾶο

174 2885 233 2943 iuss
249 2889 299 2943 τοῦ
317 2892 420 2945 τίκτειν
437 2889 518 2958 epoo‘
537 2895 567 2949 et
584 2892 699 2949 ducibus
717 2891 867 2948 Suevernio
885 2892 936 2956 (De
952 2889 1034 2960 Γήρᾳ
1050 2911 1077 2962 p.
1099 2888 1145 2959 44)
1168 2894 1212 2948 at-
1324 2950 1327 2953 .
1355 2904 1358 2907 '

174 2993 228 3046 qus
245 2977 388 3034 Dindoriio
406 2973 503 3048 (Arist.
521 2979 567 3036 Fr.
591 2999 620 3051 p.
640 2974 702 3049 192)
730 2980 767 3034 ed
784 2978 975 3050 Triphaletsm
997 2979 1082 3035 retuli
1104 2978 1212 3036 Aristo

175 3062 277 3134 phanis
298 3081 409 3121 versum
430 3082 476 3136 ap.
494 3066 636 3124 Pollucem
653 3067 690 3134 II,
707 3068 737 3123 6:
765 3062 848 3128 ,Ἥοις
864 3061 954 3117 risve
976 3062 1065 3134 ἐφάνη
1084 3063 1149 3122 sior
1164 3083 1212 3117 ro·

176 3149 307 3201 semovit
343 3150 419 3206 idem
441 3150 606 3210 Suevernius
629 3152 681 3221 (Dc
705 3154 834 3210 Nubibus
858 3155 907 3209 Ar.
928 3171 955 3223 p.
974 3149 1020 3224 62)
1045 3148 1212 3221 ,Τριφοίληοι

56 3298 60 3305 ,
175 3235 301 3291 fabulam
319 3232 415 3307 (quum
433 3235 463 3293 O.
474 3237 689 3311 Darembergius
706 3259 779 3299 novo
797 3241 956 3313 fragmento
974 3240 1078 3297 ditavit
1094 3258 1110 3296 e
1127 3240 1212 3296 schol.

175 3321 266 3379 Vatio.
290 3323 321 3379 in
343 3323 542 3394 Hippocratem
565 3326 602 3380 ad
619 3326 743 3396 Epidem.
761 3327 796 3395 V,
815 3330 830 3382 7
854 3328 885 3384 in
902 3328 1017 3384 thioes
1039 3331 1069 3385 et
1087 3328 1212 3383 Extraits

175 3408 202 3464 d.
226 3427 263 3463 us
288 3428 324 3466 m.
348 3429 377 3481 p.
396 3411 449 3466 ale
465 3429 514 3481 sq,
541 3429 597 3481 quo
621 3430 695 3469 nuno
718 3430 793 3484 auge
810 3431 873 3470 mea
895 3414 932 3470 ad
954 3414 1096 3484 Aristoph.
1119 3415 1214 3472 Ram

175 3514 204 3567 p.
228 3495 289 3563 232)
313 3497 436 3553 ostendit
459 3497 591 3567 scriptam
613 3498 697 3555 fuisse
720 3499 751 3554 in
773 3500 954 3557 Alcibiadem.
995 3501 1113 3557 eundem
1135 3500 1212 3556 Aloi-

175 3581 286 3637 biadem
294 3583 408 3654 Eupolis
425 3584 457 3640 in
471 3581 617 3645 ‚Bdmcss‘
635 3585 726 3655 petiit,
743 3586 845 3657 quibua
856 3586 1003 3655 Tripheion
1018 3586 1213 3656 Aristophanis

175 3669 319 3725 simillima
332 3670 389 3726 fuit
401 3670 429 3727 h.
445 3687 468 3726 e
486 3688 544 3727 nou
560 3671 650 3729 solum
668 3671 805 3729 obscoena
817 3672 915 3728 fabula
931 3689 1028 3728 verum
1045 3674 1131 3729 etium
1148 3690 1213 3730 eon·

175 3755 331 3812 tumeliosa.
366 3773 455 3830 neque
473 3757 583 3826 mirum,
599 3758 725 3814 mtiricos
742 3759 845 3831 legisse
853 3759 1026 3831 ibiphsleta,
1044 3761 1093 3832 qui
1109 3760 1214 3829 Baptas

175 3842 345 3899 celebratam
367 3847 464 3901 nostro
487 3844 557 3899 Λᾶν.
574 3845 681 3901 Indoet.
699 3841 715 3914 d
732 3847 766 3901 27
791 3848 820 3901 et
836 3846 966 3902 Juseusli
982 3846 1018 3912 Π,
1036 3847 1071 3901 92
1088 3849 1148 3902 tam
1165 3864 1213 3903 cu·

175 3928 239 3996 pide
254 3930 421 3988 lectitarint.
458 3930 622 4001 Tripbnleta
642 3932 728 3988 etism
745 3932 836 3989 Varro
854 3933 1004 4001 evolverat,
1022 3933 1101 4005 cujus
1118 3936 1216 3991 satura

176 4015 303 4072 adfertur
311 4018 488 4089 ,ib-iphullus,
497 4023 563 4088 rupi
573 4014 771 4089 sippsvdrqrsr‘
779 4021 961 4091 inscriptione
968 4020 1082 4092 duplici,
1090 4025 1214 4092 quernei

176 4100 222 4157 bio
233 4104 262 4157 et
274 4103 343 4159 alibi
355 4107 388 4161 n
398 4106 507 4163 Riesius
517 4104 608 4174 (Varr.
621 4106 679 4164 Sat.
694 4108 767 4167 Meu.
776 4108 836 4163 Bel.
845 4126 872 4178 p.
883 4102 947 4177 234)
964 4125 1074 4166 servare
1082 4109 1212 4166 debebat.

245 4223 288 4280 88.
324 4210 437 4277 demo*
456 4224 592 4283 eds-A.
626 4230 729 4285 tumA.
764 4226 893 4285 cdo-a.
927 4230 975 4284 sed
984 4230 1097 4281 APAH.
1119 4226 1212 4281 cdr-

177 4325 203 4377 r,
220 4310 340 4367 absume
358 4314 459 4371 omnia
486 4314 604 4371 dclsuus
620 4314 896 4386 sutfflbiiesopbins‘
912 4316 1058 4374 tribuebat
1073 4317 1211 4386 sut‚Her·
1331 4362 1335 4369 ,
