3086 5154
283 388 331 461 36
687 417 915 471 Λοειιεειου

282 613 363 657 οατο
385 588 440 655 καί
460 585 501 655 τά
524 584 609 674 πρδς
630 586 780 663 εὐδοξίαν
801 583 837 652 εὖ
861 591 944 678 ἔχειν
965 586 1051 678 αὐτῷ
1072 589 1228 677 ὑπέλαβε,
1259 589 1318 665 τάς

281 692 383 781 ἀφρὺς
415 688 540 780 ἐπάρας
568 691 622 757 καί
650 691 737 781 με’γα
765 689 935 778 φρονήσας
962 697 1044 778 ἐμοῦ
1073 697 1139 780 μὲν
1159 693 1314 780 ήμίλησε,

278 797 407 884 μᾶλλον
429 796 464 863 δὲ
485 797 595 863 τέλεον
617 796 736 877 εἴασεν,
760 796 821 863 τάν
843 795 880 862 δέ
901 794 1077 886 Διάλογον,
1109 794 1171 865 τάν
1190 795 1317 887 γενειή-

279 926 343 987 την
373 905 506 980 ἐκεῖνον,
541 898 599 967 τὸν
633 899 702 968 ἀπὸ
735 908 793 968 τοῦ
829 899 996 991 σχήματος
1021 898 1316 989 Φιλοσοφίας”υίὺν

280 1003 364 1072 είναι
383 1002 574 1094 λεγὺμενον,
604 1003 865 1094 ὑπεραγαπήσας
886 1003 978 1091 μάλα
1000 1011 1153 1093 ἐρωτικῶς
1173 1002 1317 1091 προσβά-

279 1133 374 1195 τερον
398 1106 500 1176 αὑτοῦ
522 1107 615 1189 ὄντα,
646 1107 751 1198 τοὺτιγ
774 1108 912 1177 σὺνεοτι.
961 1111 1015 1176 καί
1045 1107 1103 1177 οὑκ
1133 1106 1317 1198 αἰσχύνεται

280 1211 343 1298 τήν
370 1216 436 1299 μὲν
457 1212 645 1299 ἐλευθερίαν
666 1214 720 1279 καί
749 1210 787 1280 τὸ
818 1213 937 1280 άνετον
963 1222 1028 1281 των
1050 1218 1086 1280 ἐν
1108 1214 1184 1300 ἐμοί
1212 1210 1318 1301 λὺγων

282 1314 462 1404 σαντεμοίν,
488 1322 520 1392 ἐς
537 1315 636 1405 μικρά
657 1318 693 1384 δὲ
714 1319 768 1384 καλ
789 1317 977 1404 κομματικὰ
1001 1316 1195 1404 ἐρωτήματα
1216 1340 1318 1382 κατα-

213 1438 264 1493 827
281 1421 406 1497 κλείσας
429 1420 548 1488 ἐαυτδν
569 1422 623 1489 καί
645 1420 718 1489 ἀντί
738 1431 800 1489 τοῦ
819 1423 922 1511 λέγειν
945 1423 964 1489 ὅ
985 1447 1016 1488 τι
1038 1425 1059 1463 ¹*
1081 1420 1233 1508 βοὺλεται
1254 1446 1316 1507 με·

280 1522 364 1615 γάλγ
395 1532 437 1613 τῇ
469 1534 580 1614 φωνῇ,
615 1528 743 1616 βραχεῖς
771 1551 864 1602 τινας
892 1523 1009 1615 λόγους
1039 1524 1230 1592 ἀναπλέκων
1264 1525 1318 1590 καί

282 1628 496 1715 συλλαβίζων·
527 1627 579 1715 ἀφ’
611 1623 657 1696 ιὺν
679 1627 807 1717 ἀθρόος
826 1634 892 1717 μὲν
914 1633 1049 1705 ἔπαινος
1069 1629 1092 1714 ἢ
1115 1626 1231 1716 κράτος
1252 1653 1317 1694 πο-

280 1730 336 1807 λὺς
359 1731 419 1799 οὐκ
441 1731 484 1799 ἀν
505 1731 726 1819 ἀπαντήσειεν
747 1734 845 1823 αὐτῷ,
876 1733 1039 1821 μειδίαμα
1069 1733 1103 1800 δέ
1132 1730 1223 1820 παρά
1252 1738 1316 1799 τῶν

282 1833 469 1904 ἀκουόντων
495 1837 548 1902 καί
576 1834 615 1903 τὺ
644 1842 803 1904 ἐπισεῖσαι
828 1836 892 1922 τήν
917 1850 1006 1928 χεῖρα
1033 1834 1124 1914 ἐντὸς
1145 1844 1211 1904 τῶν
1233 1837 1318 1922 ὅρων

263 1940 335 2006 ’καί
356 1937 457 2026 μικρά
480 1943 647 2007 ἐπινεῦσαι
667 1948 709 2029 τῇ
731 1944 853 2031 κεφαλῇ
875 1943 929 2008 καί
951 1939 1156 2018 ἐπιστενάξαι
1176 1953 1246 2016 τοῖς
1267 1940 1318 2005 λε-

282 2044 447 2133 γομένοις.
482 2041 638 2111 τοιοὺτων
665 2042 801 2132 ήράοθη
832 2045 850 2112 ὑ
878 2057 1026 2134 γενναῖος
1047 2050 1132 2130 ἐμοῦ
1153 2068 1318 2131 καταφρο-

283 2145 397 2233 νήσας.
422 2148 502 2234 pani
525 2148 561 2214 δὲ
583 2146 683 2216 αι’πδν
705 2148 793 2236 μηδὲ
821 2146 906 2236 πρὸς
927 2146 987 2217 τὸν
1009 2147 1172 2237 ἐρώμενον
1199 2156 1316 2216 τοῦτον

283 2361 332 2397 εει,
349 2330 427 2411 quod'
439 2348 536 2395 neutra
552 2344 633 2394 lectio
652 2360 741 2411 neque
766 2339 851 2394 αὑτὸν
869 2339 899 2395 δὲ
922 2361 1011 2412 neque
1033 2339 1115 2400 αὑτὺε
1133 2337 1163 2394 δὲ
1181 2345 1245 2396 ferri
1263 2344 1317 2395 ullo

284 2432 364 2483 modo
382 2436 480 2497 potest.
550 2425 703 2497 γενειήτην]
712 2430 852 2497 γενείντην
861 2434 892 2483 Α.
965 2426 1101 2496 σχήματος
1118 2423 1250 2497 διάλογον
1263 2430 1317 2480 ΑΨ.

285 2512 422 2582 σχήματος
442 2512 493 2566 τὸν
516 2508 647 2583 διάλογον
668 2517 767 2568 ΩΦΜα
792 2524 818 2569 nt
839 2535 865 2570 v.
902 2535 952 2585 ego
975 2535 1070 2570 vocem
1094 2511 1225 2584 διάλογον
1247 2516 1272 2567 h.
1297 2516 1314 2566 1.

284 2604 401 2656 deletam
419 2619 501 2669 supra
519 2609 581 2652 ante
599 2603 683 2654 verba
693 2600 744 2653 τὸν
759 2601 1052 2671 γενειήτηνεοίλοσενί.
1123 2600 1179 2654 τῶν
1197 2598 1227 2653 ίν
1244 2598 1316 2667 ἐμοὶ]

285 2684 315 2739 ἓν
332 2690 419 2741 ωειλ).
492 2681 721 2754 ἐιμιιιρίιδίλ.
758 2685 785 2744 ἐι
800 2686 889 2757 μικρά
905 2707 935 2740 τε
958 2691 990 2740 Ψ.
1029 2682 1317 2756 είιμιαρίιδὲΩΦΜ

285 2782 314 2828 nt
335 2793 362 2828 v.
432 2770 590 2841 κομματικὰ
613 2773 694 2826 ΩΦΜ
716 2782 743 2828 et
766 2793 792 2828 v.
827 2773 937 2843 κωμικίι
959 2778 1067 2828 ΔΨΒΥ.
1105 2778 1175 2829 bene
1198 2778 1317 2828 Beitninn

283 2877 366 2929 supra
383 2878 407 2914 ε..
426 2862 474 2915 22:
493 2856 527 2910 τά
547 2852 699 2927 δισύλλαβα
714 2858 803 2911 ταῦτα
821 2857 987 2930 ἐρωτήματα
1001 2860 1174 2927 (Stoicorum)
1193 2862 1315 2914 contulit.

284 2949 400 3001 Solnnnn
418 2965 482 3000 vero
500 2944 663 3013 κομματικὰ
681 2964 817 3015 nunqnam
836 2951 1008 3016 conjecisset,
1034 2951 1057 2999 εἰ
1078 2949 1135 3014 γάισ
1157 2949 1250 3015 legere
1268 2966 1316 3015 po·

283 3036 381 3085 ιαίεεει
400 3034 587 3085 Homnterhusi
611 3035 811 3086 adnotationem
834 3037 869 3087 ad
890 3039 970 3088 Arist.
997 3037 1067 3087 Plut.
1093 3052 1120 3101 p.
1139 3035 1190 3087 398
1207 3052 1248 3101 sq.

285 3113 455 3186 ἀναπλίκων]
473 3122 492 3170 i.
513 3137 537 3171 ε.
556 3126 775 3185 connectens,
800 3128 829 3173 ut
847 3126 874 3174 in
892 3125 992 3175 Pisoni.
1012 3123 1027 3174 ii
1046 3139 1075 3173 τε
1094 3123 1159 3173 dicit
1177 3122 1317 3173 Platonica

284 3199 445 3264 ἀναπλέξαι.
481 3206 562 3272 longe
581 3207 659 3257 aliter
678 3201 841 3259 ἀναπλέκειν
865 3211 897 3261 de
917 3211 1076 3261 calamistris
1095 3210 1223 3260 orationis
1239 3210 1316 3274 poni·

282 3300 327 3344 tur
344 3292 377 3344 nb
396 3292 528 3357 Dionysio
546 3293 609 3345 Hal.
627 3294 669 3345 Do
689 3294 719 3345 0.
739 3296 769 3345 V.
791 3312 814 3345 c.
834 3296 867 3347 25
885 3313 912 3361 p.
933 3295 983 3348 40⁶
1003 3296 1044 3347 εδ.
1065 3295 1127 3346 Seh.
1198 3288 1316 3359 ἀθρόοι]

284 3373 399 3446 ἀθρόως
414 3379 440 3428 ⁸1¹
455 3385 483 3430 et
500 3396 561 3431 mox
580 3374 749 3445 ἀπιστήσειεν
772 3398 820 3447 pro
846 3376 1038 3447 ἀπαντήσειεν.
1109 3376 1194 3446 inin]
1213 3376 1243 3430 ἐν
1259 3380 1318 3434 τοῖς

283 3471 316 3519 Δ.
385 3462 473 3532 μικρά
490 3465 623 3518 ΩΦΜλία.
657 3463 752 3534 μακρά
771 3470 869 3520 met
886 3487 911 3522 v.
983 3462 1104 3518 ἀλλάτά
1122 3464 1209 3533 ὑμοια
1226 3470 1273 3518 καί
1291 3462 1318 3521 ἐκ

284 3547 390 3604 ἐκεῖνον
413 3547 546 3619 ὑβρίζειν]
574 3554 611 3603 ἰῖε
637 3554 717 3605 hodie
745 3558 858 3607 correxi.
894 3562 1040 3608 nostrates:
1067 3557 1122 3615 ‚mit
1148 3556 1201 3609 bem
1223 3554 1316 3609 unbem

283 3638 360 3703 muttit
378 3639 425 3694 et't
443 3637 502 3693 eben
521 3636 567 3703 [of
602 3641 672 3692 adde
690 3642 734 3692 vel
750 3643 894 3707 Tyrannio.
914 3645 930 3694 i
948 3645 1009 3694 init:
1029 3638 1113 3707 μόνοι
1129 3639 1186 3692 τῶν
1202 3637 1315 3692 ποίποτε

282 3723 318 3778 τά
335 3720 422 3794 ὅμοια
441 3719 672 3790 δυστυχησάντων.
710 3729 769 3779 libri
787 3730 840 3779 nic:
859 3722 928 3778 ἀλλὰ
947 3723 1012 3791 (ἀλλ’
1034 3726 1094 3794 OD)
1118 3723 1198 3793 οἶμαι
1220 3732 1267 3778 καί
1291 3723 1317 3783 ἐς

283 3806 332 3879 (είς
350 3815 384 3876 D)
405 3809 510 3864 ἐκεῖνον
528 3808 652 3880 ὑβρίζειν
668 3816 741 3866 Aci>
762 3822 789 3866 et
806 3817 918 3868 ῖοιῖαεεε
938 3816 993 3868 ΨΩ.
1031 3809 1100 3866 ἀλλά
1119 3810 1197 3881 οίμαι
1214 3818 1261 3865 καί
1279 3808 1317 3870 είς

284 3896 390 3951 ἐκείνου
407 3896 517 3966 ὑβρίζει
535 3899 569 3950 Φ.
607 3895 676 3950 ἀλλὰ
693 3905 740 3951 καί
758 3894 796 3957 εἰς
814 3898 920 3954 ἐκεῖνον
938 3897 1018 3968 οἶμαι
1034 3899 1142 3970 ὑβρίζει
1157 3903 1210 3954 Ma.
1248 3895 1315 3952 ἀλλὰ

283 3988 330 4034 καί
348 3977 386 4040 είς
404 3981 510 4036 ἐκεῖνον
529 3979 608 4050 οἶμαι
626 3982 751 4052 ὑβρίζειν
768 4007 793 4037 v.
822 3990 903 4041 lectio
922 3991 1092 4056 interpolata,
1112 3992 1315 4056 qunnsyntaxin

283 4072 365 4122 habet
392 4088 527 4136 asperam:
556 4065 625 4131 ἀλλ’,
651 4068 744 4137 οίμαι,
773 4078 820 4124 καῖ
844 4070 871 4130 ἐς
889 4071 994 4127 ἐκεῖνον
1012 4073 1119 4142 ὑβρίζει
1145 4093 1233 4143 nequo
1253 4077 1315 4128 oiim

282 4157 471 4222 mihimetipsi
493 4173 582 4223 neque
603 4174 692 4224 nuper
709 4161 833 4212 Bekkero
857 4163 965 4227 placere
990 4163 1113 4215 debebat.
1150 4165 1230 4214 immo
1248 4164 1314 4213 Din-

283 4243 383 4296 dorflun
401 4246 429 4294 in
448 4244 490 4295 ed.
508 4245 593 4294 Paris.
613 4260 693 4311 quum
711 4247 822 4298 verbum
841 4242 921 4313 οίμαι
935 4249 1087 4308 delevisset,
1108 4255 1135 4300 et
1151 4251 1244 4300 vitium
1262 4250 1315 4300 loci

283 4336 311 4384 et
327 4331 419 4383 nedem
437 4332 495 4382 vitii
513 4332 613 4396 optimo
631 4335 775 4398 perspexit.
