3066 5162
299 397 372 470 130
405 400 408 407 ’
702 427 930 479 κυειιικνσυ

296 601 381 668 οὕτω
410 598 586 685 διεκείμην,
619 596 754 683 ἀριστον
775 597 859 666 εἶναι
884 595 1124 685 ὑπελάμβανον
1148 595 1241 685 παρά
1269 604 1343 664 τῶν

295 700 483 793 φιλοσόφων
503 700 630 770 τούτων
651 704 772 770 ἕκαστα
793 708 969 789 ἐκμαθεῖν·
994 701 1088 791 ᾤμην
1109 702 1172 792 γάρ
1194 701 1345 778 ἐκείνους

295 836 333 900 γε
354 816 467 877 πᾶσαν
489 807 572 897 όχειν
594 807 634 873 ἀν
657 811 762 874 εἰπεῖν
783 804 846 892 τὴν
867 805 1038 894 ἀληθειαν.
1084 809 1168 874 οὕτω
1191 804 1232 892 δη
1256 804 1344 881 τούς

297 912 449 1000 ἀρίστους
482 911 711 999 ἐπιλεξάμενος
750 910 875 991 αὐτόν,
919 910 962 987 ὡς
993 916 1071 997 ἐνῆν
1103 908 1342 998 τεκμηρασθαι

295 1014 478 1102 προσώπου
509 1042 547 1083 τε
579 1014 830 1104 σκυθρωπότητι
869 1016 922 1082 καί
959 1011 1057 1105 χρόας
1095 1012 1248 1104 ὠχρότητι
1279 1016 1342 1080 καί

295 1119 421 1210 γενείου
442 1118 625 1208 βαθότητι,
656 1117 760 1206 (μάλα
781 1117 844 1209 γάρ
865 1117 1032 1208 ὑψαγόραι
1052 1123 1136 1195 τινὲς
1157 1119 1210 1186 καί
1233 1118 1341 1204 οὐρα-

296 1223 505 1314 νογνώμονες
527 1228 558 1291 οί
581 1222 696 1312 ἀνδρες
719 1222 833 1291 αὐτίκα
855 1248 916 1309 μοι
937 1221 1181 1311 κατεφάνησαν)
1204 1221 1339 1297 τσάτοις

297 1328 470 1419 ἐγχειρίσας
498 1326 645 1415 ἐμαυτόν
672 1328 725 1394 καί
756 1324 874 1417 συχνόν
897 1325 1051 1418 ἀργόριον
1078 1325 1117 1395 τό
1146 1331 1209 1414 μὲν
1233 1325 1338 1393 αὐτό·

296 1440 361 1499 θεν
392 1432 457 1519 ἥδη
492 1430 684 1521 καταβαλῶν
715 1429 753 1498 τό
788 1430 824 1498 δὲ
863 1436 1014 1507 εἰσαῦθις
1053 1430 1240 1499 ἀποδώσειν
1279 1432 1338 1497 ἐπί

228 1551 279 1608 757
297 1537 456 1626 κεφαλαίῳ
485 1545 545 1622 της
567 1537 586 1577 *
610 1537 727 1623 σοφίας
756 1534 1099 1625 διομολογησάμενος,
1130 1534 1244 1621 ἠξίουν
1270 1561 1337 1621 με-

295 1643 509 1731 τεωρολέσχης
536 1667 572 1707 τε
601 1638 816 1708 διδάσκεσθαι
844 1642 897 1706 καί
925 1638 989 1726 την
1009 1648 1073 1707 τών
1097 1641 1177 1707 ὅλων
1200 1637 1336 1706 διακόσ-

295 1770 401 1832 μησιν
422 1752 642 1830 καταμαθεῖν.
669 1749 701 1810 οἱ
724 1744 758 1811 δὲ
780 1752 940 1812 τοσοῦτον
963 1743 1026 1831 ἀρα
1049 1741 1187 1830 ἐδίησάν
1208 1769 1253 1830 με
1274 1752 1336 1828 τῆς

296 1851 439 1925 παλαιάς
468 1848 591 1934 ἐκείνης
619 1847 755 1937 ἀγνοίας
784 1848 982 1928 ἀπαλλάξαι,
1015 1850 1097 1916 ὥστε
1118 1848 1172 1914 καί
1194 1851 1239 1923 είς
1258 1847 1354 1934 μεί-.

298 1957 372 2033 ζους
401 1952 542 2041 ἀπορίας
571 1953 724 2039 φέροντες
753 1955 918 2040 ε’νίβαλσν,
950 1950 1050 2042 ἀρχάς
1071 1977 1163 2027 τινας
1184 1952 1237 2018 καί
1258 1953 1333 2036 τίλη

294 2058 349 2124 καί
372 2054 518 2144 ἀτόμους
539 2060 593 2125 καί
614 2056 690 2124 κενά
713 2058 766 2124 καί
788 2059 867 2133 ὕλας
888 2059 942 2124 καί
967 2057 1054 2132 ίδίας
1075 2058 1130 2123 καλ
1144 2053 1185 2123 τά
1196 2063 1335 2123 τοιαῦτα

296 2160 459 2250 ὁσημέραι
479 2187 550 2250 μου
570 2164 790 2252 καταχέοντες.
827 2164 847 2229 ό
869 2163 905 2228 δὲ
925 2160 1139 2248 πάντωνέμοί
1163 2167 1248 2250 γοῦν
1259 2157 1335 2225 ἐδό-

294 2291 343 2334 ιιει
375 2267 620 2357 χαλεπώτατον,
657 2268 707 2333 ὅτι
738 2266 847 2353 μηδὲν
880 2267 994 2352 ἅτερος
1027 2266 1155 2353 θατίρφ
1187 2264 1335 2354 λέγοντες

296 2369 482 2439 ἀκόλουθον
512 2369 590 2437 ἀλλά
619 2366 795 2459 μαχόμενα
824 2367 935 2437 πάντα
965 2370 1018 2437 καί
1040 2367 1221 2437 ὑπεναντία
1243 2369 1334 2453 ὅμως

295 2473 480 2541 πείθεσθαί
509 2476 545 2541 τί
576 2500 621 2560 με
653 2473 767 2559 ἠξίουν
798 2474 852 2540 καί
892 2471 975 2560 πρός
1007 2471 1067 2542 τόν
1099 2471 1203 2540 αὑτοῦ
1234 2468 1334 2559 λόγον

296 2586 430 2653 ἕιιαστσς
458 2575 599 2669 ἀπάγειν
628 2583 812 2663 ἐπειρῶντο.
865 2578 962 2645 MA.
999 2576 1128 2644 ἀτοπον
1155 2577 1269 2665 λίγεις,
1304 2578 1336 2640 εἰ

297 2682 394 2768 σοφοί
428 2681 520 2758 ὄντες
553 2686 585 2750 οί
618 2681 734 2767 ἀνδρες
767 2681 956 2761 ἐστασίαζον
989 2678 1073 2768 πρὸς
1106 2677 1226 2754 αότσύς
1257 2680 1334 2763 περί

295 2794 362 2855 τῶν
388 2788 472 2856 όλιον
498 2787 551 2853 καί
581 2785 622 2852 οὐ
649 2783 690 2851 τά
719 2783 803 2852 αότά
833 2787 907 2873 περὶ
935 2794 1001 2853 τάν
1029 2784 1138 2852 αὐτῶν
1166 2780 1329 2863 ἐδόξαζον.

296 2894 326 2959 6.
358 2893 481 2958 ΜΕΝ.
517 2890 571 2956 καλ
591 2887 674 2976 μην,
707 2884 871 2978 ιόὲταῖρε,
906 2887 1026 2979 γελάση
1049 2886 1192 2962 ἀκοίιοας
1212 2886 1276 2973 την
1296 2913 1334 2953 τε

296 3053 324 3101 Φ
342 3060 412 3103 ειν.
449 3045 549 3105 αότσότ
567 3051 618 3117 Gg.
700 3054 766 3115 περὶ
789 3048 846 3102 τῶν
869 3045 950 3117 ίίλιιιν]
974 3054 1012 3103 ita
1037 3053 1150 3103 correxi.
1185 3046 1333 3113 περὶτῶν

296 3133 385 3206 λόγοιν
409 3138 486 3190 Φίλε.
521 3141 589 3206 περὶ
610 3133 668 3189 τάν
690 3132 778 3188 όντων
795 3156 820 3189 τ.
857 3141 992 3192 sententia
1015 3147 1057 3189 est
1081 3141 1151 3189 enim
1176 3138 1257 3188 haec:
1285 3138 1330 3195 ,δε

296 3227 396 3277 mundo
414 3224 568 3288 universo‘‚
593 3241 672 3292 quam
691 3229 744 3276 vim
763 3242 845 3289 εαερε
864 3226 965 3277 habent
981 3222 1016 3277 τά
1036 3219 1103 3283 ὅλα,
1132 3231 1162 3276 ut
1180 3225 1224 3277 τε]
1242 3225 1285 3274 hic
1304 3226 1329 3274 iu

295 3316 446 3365 learomen.
466 3330 489 3363 ε.
511 3315 540 3363 5:
563 3309 616 3375 τὴν
632 3308 689 3362 τῶν
706 3305 778 3362 ὅλοιν
797 3304 982 3377 διακόσμησιν
999 3319 1026 3364 et
1044 3330 1068 3364 ε.
1087 3314 1118 3366 8:
1135 3312 1260 3376 τεχνίτην
1275 3306 1332 3360 τάν

295 3394 367 3451 όλυιν
385 3408 413 3450 ετ
431 3401 481 3453 c.8
499 3399 548 3450 fin:
566 3395 623 3449 τῶν
641 3392 713 3449 όλυιν
728 3398 847 3465 πατέρα,
869 3406 897 3450 ετ
915 3400 979 3451 ao:
1002 3396 1128 3465 τὴντῶν
1146 3392 1218 3449 όλνιν
1236 3393 1329 3464 ἀργήν.

295 3487 445 3554 eodemque
469 3487 549 3538 modo
574 3502 701 3537 numerus
724 3488 833 3551 ponitur
855 3487 998 3552 singularis
1021 3489 1049 3538 in
1075 3488 1125 3538 vit.
1144 3490 1223 3537 Αυαλ.
1248 3485 1264 3549 fi
1285 3485 1328 3536 Ηε

292 3570 345 3639 τὴν
361 3572 411 3624 τοῦ
430 3566 496 3624 όλου
515 3568 675 3640 συμφορήν,
704 3589 819 3640 quocum
846 3574 939 3624 confer
962 3575 1110 3624 lcnromen.
1133 3590 1157 3623 α.
1177 3573 1281 3624 8med.
1303 3580 1331 3623 et

293 3663 397 3728 Nigrin.
417 3680 442 3714 υ.
461 3664 478 3715 2
496 3662 543 3714 fin:
562 3658 595 3712 τό
612 3658 663 3713 τοῦ
680 3657 785 3715 παντὸς
799 3658 912 3721 (mundi)
930 3659 1051 3725 μίμημα.
1122 3654 1223 3724 αὐτῶν]
1242 3654 1331 3709 ὄτταν

293 3751 316 3802 V
335 3757 363 3800 ει
379 3745 437 3817 (ηυί
456 3753 483 3800 in
502 3766 590 3815 marg:
608 3743 659 3816 γρ’.
677 3751 744 3815 περὶ
761 3744 819 3798 τῶν
836 3741 937 3808 αὐτῶν)
957 3748 989 3797 G.

362 3835 387 3886 δ.
426 3837 459 3887 δε
485 3853 512 3887 τε
535 3839 594 3901 ipsa
617 3838 725 3887 Μετεατ
752 3836 902 3886 Antoninus
929 3836 953 3893 Ι,
979 3833 1011 3886 17
1035 3833 1080 3884 fin.
1107 3819 1255 3895 εοσέειιλίλ,
1283 3836 1329 3899 qui

292 3938 417 3988 magnum
437 3922 478 3972 δίε
495 3925 609 3988 gratiam
628 3923 720 3985 babet,
745 3922 818 3987 quod
835 3921 886 3971 sibi
905 3921 939 3972 τό
957 3919 1143 3986 philosophiae
1167 3920 1257 3971 εῑυόία
1274 3926 1327 3971 tra-

292 4009 374 4060 ducto
392 4010 538 4073 contigerit
554 4005 593 4073 μὴ
611 4003 731 4074 περὶτὰ
749 4000 973 4075 μιτεωρολογικά
991 4005 1200 4074 καταγίνεσθαι.
1231 4003 1327 4072 χαμαί]

292 4088 454 4160 ἀνθρώπων
477 4094 581 4145 addunt
605 4094 673 4153 ΟΛ,
702 4096 759 4144 sivo
784 4109 817 4145 ετ
840 4094 877 4144 δλ.
899 4089 929 4153 ε’,
950 4095 1001 4147 442
1026 4094 1070 4145 vel
1091 4093 1203 4144 Ηεείαό.
1222 4094 1327 4160 Theog.

290 4180 352 4238 272,
376 4181 433 4230 εἰτε
453 4180 589 4232 ascholio
608 4181 642 4231 V:
671 4173 733 4230 ἀντὶ
754 4176 812 4229 τάν
835 4174 1003 4246 ἀνθρώπων.
1039 4181 1067 4230 in
1087 4180 1210 4242 Quaem.
1230 4195 1257 4245 p.
1276 4178 1328 4231 314

290 4268 449 4319 Hermotim.
472 4284 496 4319 c.
519 4268 534 4318 ὅ
557 4268 668 4319 contuli.
748 4263 819 4317 ἔνιοι
842 4259 872 4317 δό
896 4270 942 4317 καὶ
960 4268 996 4318 Φ.
1033 4262 1104 4316 ἔνιοι
1128 4258 1158 4316 δὲ
1177 4282 1203 4317 v.
1281 4268 1327 4315 καί

290 4349 416 4419 σχήματα
434 4371 478 4407 om
497 4353 531 4405 Φ.
610 4350 661 4420 τῆς
679 4345 801 4419 οελὴνητ]
824 4350 873 4418 τῆς
894 4371 937 4405 om
956 4354 988 4405 G.
1069 4348 1182 4419 χοιρίον]
1207 4353 1326 4405 Cobetuu
