3086 5154
285 446 333 516 66
687 474 915 525 Λουσινωσν

284 642 384 721 αὐτὸς
406 639 503 720 οὗτος
518 641 561 730 ἦν
585 643 603 709 ὁ
625 642 735 730 πατήρ
758 643 776 710 ὁ
800 642 873 720 σάς·
899 645 980 711 ὥστε
1003 648 1032 711 εἰ
1046 652 1168 711 τοῦτον
1179 642 1317 733 ἀγνοεῖς,

253 734 382 834 ’δῆλος
411 748 442 817 εί
466 748 526 817 τὸν
553 750 679 835 πατέρα
707 746 765 816 τὸν
796 746 854 815 σόν
883 747 1021 837 ἀγνοῶν.
1066 748 1157 815 szN.
1195 747 1236 814 οὐ
1256 752 1320 834 μέν

285 851 363 922 οὖν·
399 852 461 920 ἀλλ’
499 852 715 938 ἀποκαλύψας
750 848 850 919 αὐτὸν
884 855 1016 938 εἴσομαι
1044 851 1108 937 τὴν
1144 850 1316 937 ἀλάθειαν.

285 961 375 1046 ὅμως
397 959 433 1025 δ’
464 954 523 1024 οὖν
552 958 585 1025 τί
606 983 658 1025 σοι
678 964 738 1042 τῆς
768 957 884 1044 σοφίας
905 954 943 1024 τό
965 958 1067 1036 τέλος,
1092 956 1115 1042 ἢ
1137 956 1170 1023 τί
1190 954 1319 1042 πράξεις

284 1060 368 1150 πρὸς
395 1060 434 1130 τά
464 1060 646 1148 ἀκρότατον
673 1068 732 1146 τῆς
762 1060 879 1147 ἀρετῆς
906 1058 1105 1146 ἀφικόμενος
1113 1089 1126 1141 ,·
1183 1060 1317 1128 ΧΡΥΣ.

284 1169 358 1254 περί
386 1164 429 1234 τά
455 1173 569 1252 πρῶτα
596 1164 677 1232 κατά
706 1164 805 1252 φάσιν
832 1162 907 1231 τότε
934 1162 1138 1253 γενήσομαι,
1176 1166 1254 1253 λέγω
1285 1161 1320 1227 δὲ

284 1274 430 1338 πλοῦτον
457 1269 582 1359 ὑγίειαν
609 1271 663 1335 καί
684 1268 726 1335 τὰ
747 1277 895 1336 τοιαῦτα.
942 1266 1103 1355 πράτερον
1134 1268 1169 1335 δὲ
1196 1264 1319 1354 ἀνάγκη

284 1375 388 1442 πολλοὶ
409 1382 624 1460 προπονῆσαι
651 1371 889 1462 λεπτογράφοις
916 1373 1052 1459 βιβλίοις
1074 1370 1320 1460 παραθήγοντα

283 1478 347 1565 τήν
369 1478 448 1564 ὄφιν
469 1480 522 1544 καί
546 1476 655 1567 σχόλια
682 1477 914 1565 συναγείροντα
944 1479 998 1541 καί
1021 1478 1239 1562 σολοικισμῶν
1260 1480 1320 1560 έμ-

217 1598 268 1652 564
285 1581 495 1669 πιπλάμενον
516 1583 570 1648 καλ
593 1578 727 1647 άτάπων
748 1584 767 1623 *
789 1578 965 1667 ῥημάτων·
997 1581 1049 1646 καί
1071 1578 1109 1647 τδ
1132 1576 1317 1665 κεφάλαιον,

286 1686 323 1753 οὗ
347 1688 447 1773 θέμις
467 1688 624 1775 γενέσθαι
647 1683 763 1771 σοφὸν,
794 1684 837 1770 ἦν
858 1683 908 1771 μή
931 1685 998 1771 τρίς
1020 1689 1131 1772 ἐφεξῆς
1152 1690 1213 1750 τοῦ
1235 1683 1320 1748 ἐλλε-

284 1788 388 1877 βόρου
408 1791 496 1878 πίῃς.
542 1788 633 1855 ΩΝ.
679 1787 813 1877 γενναῖά
837 1815 898 1857 σου
918 1798 1023 1857 ταῦτα
1053 1791 1106 1855 καί
1129 1787 1239 1861 δεινάς
1261 1785 1321 1852 ἀν-

286 1892 387 1980 δρικά.
421 1891 459 1959 τὸ
477 1892 513 1959 δὲ
524 1892 679 1978 Γνίφωνα
701 1893 783 1961 εἶναι
805 1895 858 1960 καί
873 1893 1076 1983 τοκογλύφον
1087 1893 1153 1975 (καί
1167 1889 1230 1981 γάρ
1240 1888 1320 1956 τάδε

287 1997 350 2083 ὃρά
369 2022 421 2064 σοι
441 1994 626 2083 προσόντα)
637 1996 670 2064 τί
686 2005 811 2084 φῶμεν,
837 1996 956 2084 ἀνδρὸς
970 1997 1035 2083 ἤδη
1058 1992 1249 2068 πεπωκότος
1259 1995 1321 2059 τὸν

286 2101 453 2187 ἑλλέβορον
476 2101 530 2166 καί
550 2100 673 2167 τελείου
693 2098 777 2187 πρὸς
799 2100 941 2187 άρετάνς
976 2101 1109 2169 ΧΡΥΣ.
1136 2100 1207 2165 ναί·
1226 2096 1321 2185 μόνφ

284 2212 367 2293 γοῦν
388 2201 426 2271 τό
450 2203 606 2284 δανείζειν
633 2205 754 2291 πρέποι
784 2205 826 2272 ἄν
846 2212 890 2293 τῷ
914 2212 1015 2293 σοφῷ.
1062 2204 1132 2270 ἐπεὶ
1152 2201 1214 2293 γάρ
1239 2202 1320 2269 ἴδιον

287 2306 387 2375 αι’·τσῦ
410 2306 448 2374 τδ
462 2308 716 2396 συλλογίζεσθαι,
740 2308 778 2374 τό
791 2308 947 2388 δανείζειν
969 2308 1005 2374 δὲ
1015 2308 1068 2374 καί
1086 2306 1123 2374 τὸ
1136 2308 1320 2396 λογίζεσθαι

285 2409 364 2486 τοὺς
386 2410 502 2485 τάκους
523 2411 662 2495 πλησίον
685 2410 768 2478 εἶναι
790 2412 878 2479 δοκεῖ
897 2420 942 2500 τῷ
965 2411 1224 2501 συλλογίζεσθαι,
1255 2407 1320 2496 μά-

284 2540 347 2583 νου
371 2514 411 2579 άν
435 2517 484 2599 εἴη
513 2521 575 2580 τοῦ
603 2516 788 2582 σπουδαίου
816 2514 971 2601 καθάπερ
1001 2522 1102 2583 έκεῖνο
1130 2516 1184 2581 καλ
1211 2522 1319 2599 τοῦτο,

283 2620 337 2685 καί
360 2618 398 2684 οὐ
420 2616 528 2703 μόνον
550 2644 588 2706 γε
610 2617 744 2697 ἁπλοῦς,
777 2621 885 2706 ὥσπερ
914 2625 945 2686 σί
968 2619 1067 2699 ἄλλοι,
1092 2617 1169 2695 τούς
1190 2617 1316 2694 τόκους,

285 2720 364 2788 ἀλλὰ
386 2724 438 2788 καί
459 2721 585 2789 τοίτων
602 2723 729 2809 ἐτέρους
745 2721 861 2799 σάκους
877 2722 1069 2810 λαμβάνειν.
1097 2724 1119 2809 ἦ
1137 2721 1199 2813 γάρ
1219 2721 1320 2810 άγνσ-
1380 2723 1390 2743 “

285 2840 329 2903 εἷς
352 2829 402 2894 ὅτι
424 2834 488 2894 τῶν
509 2825 615 2894 τόκων
635 2831 667 2893 σί
689 2828 754 2914 μέν
776 2831 837 2894 εἰσι
859 2827 985 2914 πρῶτοί
1003 2852 1101 2905 τινες,
1134 2832 1165 2893 οἱ
1188 2827 1223 2892 δὲ
1245 2823 1320 2891 δεά-

282 2956 381 3018 τερσι,
406 2928 561 3016 καθάπερ
590 2929 699 2996 αὐτῶν
721 2932 851 2999 ἐκείνων
873 2928 1055 3021 άπάγονοις
1078 2929 1156 3017 ὁρᾷς
1179 2928 1214 2996 δὲ
1237 2927 1319 3012 δῆτα

281 3032 416 3100 καὶτὸν
440 3029 657 3121 συλλογισμὸν
679 3033 780 3100 ὁποῖά
803 3058 922 3122 φησιν·
948 3040 978 3101 ελ
997 3033 1057 3101 τὸν
1071 3041 1204 3121 πρῶτον
1220 3030 1320 3099 τάκον

284 3137 315 3223 [ὁ
333 3135 515 3211 σπουδαῖος
534 3136 722 3223 λαμβάνει,]
737 3135 877 3222 λήψεται
899 3139 953 3206 καί
970 3137 1030 3206 τόν
1053 3137 1217 3223 δεύτερον·
1241 3134 1319 3201 ἀλλά

281 3239 353 3327 μὴν
377 3238 561 3327 [λαμβάνει]
586 3239 646 3307 τόν
674 3248 818 3329 πρῶτον,
842 3241 981 3329 λήψεται
1003 3241 1068 3331 ἄρα
1089 3244 1141 3308 καί
1162 3239 1223 3308 τόν
1245 3238 1319 3306 δεί-

281 3368 388 3432 τερον.
437 3347 488 3412 24.
525 3343 615 3412 szN.
650 3343 771 3412 οὐκοῦν
799 3348 851 3414 καί
872 3354 1006 3433 μισθῶν
1030 3346 1105 3432 πέρι
1126 3340 1229 3412 ταύτά
1251 3352 1318 3431 φω-

282 3527 339 3575 sive
357 3526 446 3589 potius
467 3518 492 3588 [ὁ
512 3516 664 3577 σπουδαῖος
682 3517 837 3591 λαμβάνει],
865 3542 980 3592 quocum
1000 3526 1092 3576 confer
1110 3525 1218 3575 emtoris
1236 3523 1318 3574 verba

282 3630 305 3662 c.
324 3613 358 3662 24
377 3613 435 3661 init.
454 3628 515 3661 nam
535 3618 562 3660 et
579 3611 690 3661 verbum
710 3613 779 3662 malo
799 3613 875 3662 deest
894 3619 921 3662 et
939 3614 1070 3662 enuntiati
1089 3611 1248 3676 subjectum.

280 3700 364 3751 verba
383 3691 452 3753 ἀλλὰ
470 3694 578 3763 μὴν-
597 3692 653 3765 ἄρα
671 3699 717 3746 καὶ
734 3694 785 3747 τὸν
803 3690 936 3763 δεύτερον
951 3716 993 3749 om
1004 3701 1035 3749 A.
1056 3698 1138 3749 solus.
1177 3690 1245 3747 ἀλλὰ
1262 3692 1318 3762 μὴν

281 3789 327 3836 καλ
344 3783 395 3836 τὸν
410 3782 525 3853 πρῶτον
542 3779 676 3851 λη’φεται,
698 3777 754 3851 ἄρα
772 3782 886 3835 καὶτὸν
906 3778 1038 3850 δείτερσν
1055 3802 1080 3835 v.
1106 3785 1154 3835 sed
1177 3778 1245 3834 ἀλλὰ
1263 3780 1318 3849 μὴν

279 3869 330 3923 τὸν
346 3868 461 3939 πρῶτον
479 3873 505 3921 Φ
524 3872 622 3923 diserte
642 3879 669 3922 et
682 3873 796 3923 sortasse
812 3870 868 3931 ΨΩ,
890 3874 1029 3938 etSeager
1047 3871 1205 3938 conjectura
1222 3872 1318 3921 ductus

281 3963 329 4008 καὶ
352 3958 461 4010 delevit.
496 3964 639 4024 praeterea
667 3959 695 4005 Ψ
718 3975 760 4009 om
788 3952 853 4025 ἄρα.
889 3959 933 4010 hic
960 3974 1068 4025 quoque
1094 3958 1205 4008 verbum
1232 3958 1318 4019 deest,

282 4045 355 4111 quod
372 4045 410 4095 ita
425 4045 560 4110 supplevi:
585 4037 654 4093 άλλίι
678 4040 735 4109 μὴν
753 4039 908 4113 [λαμβάνει]
931 4040 981 4095 τὸν
997 4041 1126 4111 πρῶτον,
1150 4036 1216 4111 λη’φ.
1254 4043 1316 4094 olim

281 4132 309 4181 in
328 4131 450 4192 Quaeutt.
473 4147 499 4196 p.
512 4129 562 4181 142
581 4131 671 4181 locum
689 4130 752 4182 Jov.
763 4133 845 4198 Trag.
865 4150 888 4183 α.
902 4131 917 4194 fi
929 4133 958 4183 51
977 4133 1089 4195 contuli,
1108 4131 1211 4196 alioqui
1228 4136 1317 4180 tamen

281 4223 310 4268 et
327 4217 500 4268 Hermannus
518 4216 553 4267 ad
572 4217 654 4283 Soph.
673 4219 764 4285 Λαυρ.
782 4235 808 4270 τ.
828 4219 926 4289 θλὸρεῐ
945 4235 996 4284 ego
1014 4220 1033 4269 l.
1046 4219 1064 4272 1.
1084 4219 1239 4269 erravimus.

349 4304 393 4359 24.
419 4297 517 4369 ταύτά]
535 4300 623 4353 ταῦτα
646 4302 749 4375 λίὨΦ.Ι
767 4300 803 4354 τὰ
823 4298 933 4355 «bru
958 4311 986 4355 et
1008 4321 1033 4354 v.
1069 4299 1104 4353 τά
1127 4298 1244 4353 τοιαῦτα
1267 4303 1317 4354 Τε.

350 4387 381 4441 σὺ
404 4382 555 4457 λαμβάνεις
576 4392 604 4441 Ψ
618 4398 645 4445 et
662 4408 688 4445 ν.
726 4383 924 4458 συλλαμβάνειν
940 4394 990 4443 Aa.
1028 4384 1246 4458 λαμβάνειεΩΦ.
