3050 5160
260 337 301 394 vl

260 492 427 558 intervallo
449 510 521 558 esse
541 489 665 559 videtur
687 491 861 560 Vstiosnuu
881 491 969 580 prior
989 491 1057 579 (u),
1079 512 1173 578 quem
1193 514 1302 563 rursus

260 613 353 680 nitori
374 611 529 679 Vatiouno
551 613 613 699 (Ι)
641 614 717 680 item
746 613 921 701 praestanti
947 613 1028 680 libro
1057 617 1300 703 anteposuerim

260 734 428 802 Inferiores
456 740 538 821 sunt,
572 754 636 801 non
670 734 747 802 muli
777 741 884 802 tumen
911 734 990 822 sto,
1022 756 1102 820 quos
1129 757 1210 805 euve
1237 738 1302 806 ullo

260 855 356 923 modo
377 861 570 924 contemnas.
603 856 716 941 Itaque
737 854 864 923 oodioes
885 874 997 923 reeens
1018 858 1136 925 eonluti
1157 858 1192 925 hi
1213 866 1302 926 sunt:

261 977 459 1066 sermon,
481 998 521 1045 ex
542 977 584 1045 iis
605 985 711 1045 nutem
726 977 781 1061 qui
800 977 876 1043 olim
898 978 1034 1065 inspecti
1046 985 1129 1067 sunt,
1150 980 1303 1047 memorio

261 1101 376 1187 dignos
391 1120 469 1167 esso
485 1118 600 1167 oenseo
622 1098 768 1187 inprimis
778 1097 847 1184 hos,
869 1099 1000 1186 VTUM‚
1023 1100 1137 1185 quibus
1146 1100 1302 1189 dignitate

261 1222 295 1288 hi
317 1219 434 1288 eednnt
457 1220 583 1288 RZXY.
637 1220 675 1287 ln
698 1220 862 1307 superiore
892 1219 1020 1304 quidem
1041 1221 1171 1310 dialogo
1193 1242 1303 1291 omnm

262 1341 398 1428 codices,
434 1348 471 1409 ut
498 1361 597 1429 nnpru
623 1339 702 1427 dixi,
739 1340 826 1409 vitiis
861 1341 1077 1411 retortum
1128 1344 1220 1424 Quae
1251 1364 1303 1414 res

261 1464 348 1531 nullo
366 1463 461 1530 modo
482 1462 692 1549 inNigrinum
714 1460 809 1548 ondit,
831 1463 939 1548 inquo
960 1464 1124 1533 oodioibus
1133 1466 1302 1553 plurimum

261 1586 372 1653 tribuo.
428 1585 551 1652 Temen
572 1585 619 1652 sio
640 1603 767 1670 quoque
787 1584 872 1652 huno
893 1585 1055 1673 dialogum
1076 1607 1152 1655 uere
1173 1608 1303 1675 possum

262 1706 369 1774 dioere
390 1727 454 1775 non
483 1726 561 1775 sune
589 1708 702 1774 leviter
724 1714 905 1795 surruptum
926 1727 1014 1776 esne:
1042 1709 1084 1777 in.
1099 1731 1161 1794 quo
1183 1718 1303 1778 oertum

262 1827 423 1915 quoddam
444 1827 762 1916 mendorumgennn,
786 1829 1210 1919 rememoreramus,
1239 1852 1303 1898 non

262 1951 358 2019 semei
394 1949 472 2017 mihi
504 1950 693 2018 observasse
724 1951 812 2018 visum
851 1972 929 2019 sum
991 1952 1056 2019 Sed
1095 1953 1302 2040 ‚Nigrinum“

262 2094 290 2140 n
316 2073 401 2139 1830
421 2071 454 2137 in
475 2072 631 2139 verietate
652 2072 799 2140 lectionis
820 2080 895 2140 tuno
916 2072 1003 2140 editu
1024 2075 1126 2162 primo
1148 2074 1303 2161 renonum

262 2195 437 2280 iterumque
465 2214 494 2260 s
525 2194 608 2260 1853
637 2193 671 2259 in
704 2193 1006 2279 „Emendationibus
1027 2196 1226 2283 Lneimeis‘,
1257 2197 1303 2263 itu

263 2324 298 2383 ut
318 2316 398 2383 huso
422 2315 565 2382 recensio
597 2335 662 2382 non
684 2314 788 2401 primu
819 2315 862 2383 sit
890 2314 947 2383 sed
976 2317 1079 2385 tertio„
1133 2318 1303 2386 Praetereo

262 2460 293 2505 a.
318 2439 403 2505 1830
423 2435 595 2521 Somnium,
617 2436 839 2504 Prometheum
860 2439 1008 2525 priorem,
1031 2437 1192 2507 Judioinm
1201 2439 1303 2506 Voen

261 2560 338 2627 lium
359 2558 546 2645 eumprimu
565 2558 814 2645 purteTimonis
835 2566 868 2626 et
889 2560 1034 2628 reoensni
1056 2567 1088 2627 et
1108 2580 1184 2627 vero
1206 2560 1301 2628 edidi

262 2680 364 2759 Quem
393 2679 609 2746 roosnsionem
637 2678 813 2747 Juoobitius
843 2679 890 2765 (in
917 2680 1058 2747 editione
1083 2703 1113 2748 u.
1139 2680 1237 2767 1836)
1267 2682 1303 2748 in

262 2802 443 2869 universum
469 2800 598 2887 repetiit
619 2801 732 2888 peusis
759 2821 823 2869 uon
845 2802 924 2869 sutis
945 2808 1031 2871 reete
1052 2801 1190 2870 mutatis.
1232 2802 1303 2869 Hoe

261 2944 347 2991 nuno
379 2920 509 2989 tandem
541 2921 615 2989 ideo
655 2922 762 2991 diosre
793 2928 922 2991 oosotun
955 2944 1034 3009 sum,
1070 2943 1112 2991 ne
1143 2941 1202 3009 ego
1230 2924 1303 3011 ipse

263 3044 454 3113 Jooobitium
469 3042 629 3130 expilasse
643 3045 723 3112 falso
740 3043 946 3112 existimarer.
981 3043 1066 3110 Num
1075 3064 1160 3112 nuno
1177 3063 1303 3130 quoque

261 3167 295 3233 in
317 3164 490 3252 „Nigrino
506 3186 534 3240 ,e
554 3165 658 3252 primu
678 3165 873 3252 reeensione,
895 3184 978 3250 quoe
999 3185 1071 3233 mes
1092 3172 1141 3233 est
1161 3185 1226 3235 non
1248 3167 1303 3235 Ju-

263 3287 369 3372 oobiti,
396 3287 556 3374 protentus
583 3307 660 3355 sum.
715 3287 930 3355 Venionnno
956 3285 1000 3352 nd
1027 3286 1124 3355 ulium
1153 3293 1302 3373 saturum,
1430 3270 1433 3274 ⁸

264 3428 347 3492 quse
367 3408 547 3475 nominatur
567 3407 869 3476 ΣΥΜΠΟΣῙΟΝ
885 3408 930 3474 Η
946 3402 1184 3475 ΛΑΠΙΘΑΙ.
1241 3410 1303 3477 Hio

262 3549 388 3615 quoque
414 3529 541 3599 libellus
569 3528 654 3598 vires
681 3549 769 3597 meus
796 3530 945 3598 exercuit
997 3529 1073 3616 Ipse
1094 3529 1178 3597 enim
1198 3530 1303 3616 gratis

262 3650 448 3737 ‚‚Oonvirii“
470 3651 623 3720 Luniensi
644 3670 824 3743 magnoque
842 3658 992 3719 venustus
1019 3650 1105 3735 feeit,
1126 3658 1161 3718 ut
1175 3652 1302 3717 oritious

262 3774 404 3841 monulus
417 3774 459 3839 ob
480 3772 617 3841 librariis
631 3773 749 3841 inlutus
770 3778 803 3840 et
816 3792 935 3843 menos
956 3778 1108 3856 tunquam
1129 3794 1148 3840 e
1169 3772 1301 3859 puiohro

263 3914 395 3980 oorpore
406 3896 516 3962 toliere
526 3893 661 3963 student.
698 3894 788 3973 Ques
809 3893 958 3962 muoritus
979 3913 1018 3962 eo
1039 3895 1143 3981 magis
1159 3900 1302 3980 ungetur,

262 4034 324 4098 quo
355 4015 483 4099 saepius
511 4015 583 4099 quis
611 4014 727 4083 uiderit
747 4015 782 4083 in
810 4022 875 4082 tum
905 4022 1052 4102 eorrupto
1080 4014 1209 4102 dialogo
1235 4016 1301 4102 ple-

261 4154 361 4219 rsque
388 4141 494 4201 tumen
522 4136 602 4203 vitiu
630 4137 708 4205 sotis
741 4144 827 4205 uento
859 4128 1022 4207 emendari
1053 4157 1161 4224 posse:
1209 4135 1301 4216 Quod

261 4257 304 4327 od
327 4256 453 4327 oodioes
474 4255 611 4344 adtinet,
640 4259 687 4326 uti
707 4279 792 4327 nune
810 4279 846 4326 se
867 4279 920 4327 res
941 4260 1038 4329 hebet
1058 4278 1140 4327 unus
1161 4259 1302 4327 omnium
