2952 5166
537 1160 811 1227 APAHETAI.

1037 1355 1155 1397 norum
1206 1352 1246 1392 sos

204 1441 232 1505 l.
268 1437 539 1506 AHOAAdzN.
573 1436 702 1522 Ἀληθῆ
736 1435 842 1504 ταῦτά
876 1461 967 1523 φασι,
1003 1436 1119 1521 πάτερ,
1156 1369 1198 1513 cipe
1224 1507 1228 1513 ,

154 1539 293 1628 ἐμβάλοι
322 1567 370 1616 τις
392 1542 496 1627 φέρων
520 1537 623 1607 αὑτὸν
645 1545 689 1617 εἰς
720 1542 759 1607 cd
782 1550 849 1627 πῦρ
878 1543 1048 1608 κατέναντι
1071 1541 1197 1628 Ὀλυμ-

154 1645 253 1725 nius,
284 1643 349 1731 ἤδη
372 1644 557 1733 πρεσβύτης
585 1644 781 1734 ἄνθρωπος,
814 1645 874 1713 οὐκ
896 1642 1035 1733 ἀγεννὴς
1056 1653 1196 1733 θαυμα-

226 1858 428 1910 APAHETA!
441 1859 538 1913 utrum
547 1857 660 1914 Luciuui
678 1875 714 1913 en
724 1858 797 1914 elius
814 1858 870 1913 siut
878 1857 1012 1913 constitui
1020 1873 1098 1926 posse
1115 1874 1196 1930 nego,

153 1946 208 2001 nisi
226 1946 305 2017 prius
328 1945 363 1999 de
384 1944 445 2014 ejus
469 1944 605 2013 scriptore
622 1945 737 2014 dialogi.
765 1945 811 1999 cui
834 1959 935 1998 nomen
962 1946 1005 1998 est
1021 1943 1194 2006 ΚῬΝΙΚΟΣ,

152 2033 222 2087 sutis
238 2031 404 2086 constiterit
441 2029 590 2098 ‚oymoum‘
609 2031 698 2100 igitur
715 2030 832 2089 colanus
856 2031 886 2085 et
902 2030 1011 2083 Bekker
1027 2048 1078 2098 pro
1095 2048 1196 2101 suppo·

153 2117 251 2183 sititio,
271 2132 321 2187 pro
339 2117 466 2186 suspecto
483 2116 626 2171 Jacobsius
644 2112 686 2185 (in
704 2117 821 2172 Porsoni
837 2116 952 2171 Adsere.
970 2134 997 2185 p.
1007 2112 1076 2182 304),
1094 2118 1196 2172 coeteri

152 2202 193 2270 (in
209 2203 254 2258 his
270 2202 446 2257 Wielsndius
462 2200 492 2257 T.
510 2200 551 2255 III
567 2219 594 2271 p.
608 2198 669 2269 148)
686 2218 737 2269 pro
755 2202 842 2271 ipsius
858 2218 941 2271 opere
957 2201 1074 2258 Lucieni
1091 2202 1196 2258 hubue·

154 2292 229 2354 runt,
247 2287 420 2360 argumentis
445 2289 497 2342 eut
518 2288 604 2343 nullis
627 2289 739 2343 omnino
762 2288 866 2343 odistis
887 2292 938 2344 sut
959 2305 1061 2357 purum
1080 2288 1194 2346 idoneis.

153 2379 186 2432 st
205 2372 340 2446 ‚Cynicus‘
365 2375 411 2429 rel
432 2374 469 2429 ob
493 2374 628 2429 disertum
649 2375 681 2430 in
703 2373 782 2430 Geloi
806 2375 900 2431 codice
916 2373 957 2441 [Τ.
975 2374 1015 2430 IV
1036 2392 1063 2444 p.
1083 2375 1135 2429 262
1152 2376 1194 2434 ed.

152 2460 222 2524 Jso.)
237 2461 437 2527 testimouium,
454 2461 501 2516 vei
518 2461 555 2516 ob
572 2476 724 2516 sermonem
734 2478 873 2532 gressum,
891 2462 940 2530 qui
955 2478 1056 2531 porum
1065 2462 1195 2517 convenit

153 2550 298 2615 Lucieneo,
324 2547 361 2602 sd
378 2547 530 2603 Luciuuum
552 2548 695 2603 auctorem
716 2548 815 2603 referri
839 2548 887 2603 vix
911 2548 970 2603 ullo
993 2548 1076 2603 modo
1093 2551 1193 2617 potest.

154 2636 238 2692 immo
264 2632 411 2706 probabile
432 2635 475 2689 est
497 2631 648 2704 ,Cynicum‘
672 2634 726 2690 hoc
747 2638 790 2690 est
813 2635 1000 2690 defensionem
1022 2634 1139 2704 cynismi
1156 2635 1193 2690 sb
1269 2646 1271 2651 ·

155 2720 320 2791 philosopho
337 2722 434 2791 cynico
451 2721 558 2776 editum
574 2736 641 2788 esse,
658 2738 772 2790 prorsus
789 2723 822 2776 nt
833 2721 989 2777 Oenomaus
1005 2721 1126 2791 cynicus,
1144 2722 1193 2790 qui

154 2809 227 2863 circe
244 2825 270 2864 e.
287 2806 352 2863 (ihr.
371 2808 423 2862 120
440 2807 581 2871 floruerat,
604 2808 710 2863 librum
732 2809 882 2877 scripserat
898 2806 1017 2862 sindlem
1034 2809 1119 2874 ,Περὶ
1136 2809 1192 2857 Κυ-

154 2892 273 2960 νισμοῦ·,
300 2894 330 2949 id
354 2894 429 2965 quod
450 2896 562 2963 praeter
583 2893 727 2950 Juliunum
750 2893 850 2950 Suidss
872 2911 892 2949 s.
913 2887 1053 2961 Οἰνόμαος
1073 2895 1193 2950 testeum

154 2983 203 3036 est.
244 2981 292 3036 sed
318 2970 409 3036 sltero
432 2981 545 3052 diulogo
573 2981 619 3036 cui
641 2981 789 3049 Δραπέται
813 2997 915 3037 nomen
941 2983 996 3048 cst,
1023 2980 1103 3050 eujus
1127 2980 1193 3036 ride

155 3065 170 3133 θ
190 3067 293 3120 14-16
309 3066 365 3133 iim,
382 3067 541 3137 cynicorum
558 3067 636 3122 iilius
653 3068 755 3124 sctstis
772 3069 912 3125 sccusstio
930 3067 1097 3133 continetur,
1121 3082 1193 3135 quse

154 3153 248 3209 omnis
266 3151 386 3221 ,Cynioo‘
404 3153 489 3224 piune
506 3158 671 3225 repugnent.
706 3156 749 3211 itu
766 3170 875 3210 necesse
891 3155 933 3209 est
950 3155 1024 3209 elius
1041 3151 1191 3224 ,Cynicum‘

154 3239 302 3310 scripserit,
328 3239 399 3295 eiius
418 3238 593 3310 ,Fugitivos‘2
619 3242 700 3310 utqui
723 3239 884 3312 ‚Fugitivos‘
906 3241 1018 3314 scripsit
1040 3240 1191 3297 Lucienus:

154 3341 220 3396 ergo
237 3325 310 3381 clius
325 3326 438 3395 scripsit
446 3324 607 3395 ,Cynicum⁴‚
623 3326 761 3384 Lucienus
778 3328 854 3383 hunc
871 3328 982 3397 quidem
1000 3346 1058 3385 nou
1075 3327 1191 3397 scripsit.
1257 3320 1260 3325 ’

154 3429 219 3468 num
236 3413 311 3482 quod
327 3412 504 3469 Wiclsudius
520 3415 549 3467 et
565 3413 650 3482 (lxp.
662 3409 724 3482 185)
741 3415 918 3470 Lehmsmnus
935 3415 1066 3470 dixerunt
1082 3414 1192 3473 licuisse

154 3498 238 3554 etism
246 3496 369 3554 Lucieno
386 3498 440 3568 ipsi
456 3499 487 3554 in
504 3499 616 3569 melego
626 3496 765 3560 ,Κυνικὸςί
782 3501 1042 3570 verumoyuismum
1057 3501 1191 3569 preberet

156 3583 287 3655 ‚Cynicus¹
313 3585 367 3640 iste
393 3602 535 3654 nunquam
556 3585 711 3657 Diogenem
737 3587 782 3642 vel
807 3586 977 3656 Menippum,
1004 3585 1052 3641 sed
1077 3586 1190 3641 omnino

154 3672 306 3742 eyniemum
327 3673 357 3727 et
379 3687 445 3726 susc
461 3672 580 3727 menime
597 3673 699 3728 eetutm
721 3674 833 3744 cynicos
849 3673 955 3742 ubique
972 3671 1141 3728 dilsuduvit:
1159 3673 1191 3726 ut

154 3757 289 3813 Lucienus
314 3757 445 3828 munies
471 3758 525 3813 sibi
554 3760 665 3829 cynicos
696 3760 871 3816 acerbissime
896 3759 1056 3815 insectetur.
1091 3758 1191 3829 quodsi

155 3842 291 3905 ,Κυνικόςι
315 3845 352 3901 eb
370 3845 491 3901 Lucisne
509 3845 713 3916 sbjudicsndus
729 3847 779 3913 est,
803 3846 954 3915 quseritur,
980 3848 1076 3901 utrum
1094 3846 1190 3901 eodem

155 3932 211 3987 iere
227 3934 425 4003 temporeque
443 3934 612 4000 ,Δραπέταιιί
638 3931 668 3988 id
689 3934 733 3988 est
755 3934 829 3988 circu
852 3948 877 3989 a.
897 3933 948 3987 166
971 3933 1007 3988 eb
1025 3932 1123 4002 cynico
1140 3933 1190 4002 qui

156 4019 320 4084 ‚Aeaeae
347 4019 473 4075 refellere
495 4020 628 4086 musmo,
656 4036 692 4075 sn
716 4021 815 4089 postes
837 4020 955 4088 scriptus
978 4036 1036 4076 esse
1051 4021 1188 4076 viduetur.

156 4108 218 4157 sunt
243 4106 337 4159 sutem
363 4105 418 4161 duo
443 4106 474 4160 in
497 4104 616 4176 ,Cynico‘
641 4107 868 4173 interlocutores,
898 4106 1020 4162 Λυκῖνος
1045 4108 1191 4162 aecusator

155 4190 269 4258 cynismi
295 4192 325 4245 et
348 4189 465 4248 Κυνικός
489 4195 612 4263 ejusdem
637 4195 774 4261 defensor,
800 4194 941 4264 equibus
965 4193 1089 4264 personis
1110 4194 1188 4263 prior

155 4278 323 4333 momentum
339 4278 416 4337 iecit.
450 4296 506 4336 non
523 4282 598 4350 quod
614 4281 680 4338 inde
692 4281 801 4352 'conligi
816 4282 905 4351 pouit
917 4279 1068 4352 ,Cynicum‘
1083 4280 1123 4336 ub
1133 4279 1189 4336 Ln-
