3086 5154
288 420 316 476 X

288 608 354 672 lere
376 613 407 671 et
428 605 641 692 negligentius
663 607 772 694 soripti
793 608 857 673 sint
879 614 911 673 et
931 628 1007 674 vero
1023 608 1109 675 mala
1121 629 1217 675 manu
1232 630 1330 696 saepe

288 727 486 812 interpolati,
539 726 695 810 ejusmodi
744 728 992 795 additamentum
1043 731 1227 815 plerumque
1270 751 1329 816 pro

288 848 479 932 glossemate
500 846 681 914 habendum
714 856 746 914 et
766 849 913 916 meliores
941 848 1033 916 oodd.
1061 849 1154 916 uniee
1176 850 1328 933 sequendi

290 974 371 1051 sunt,
402 968 470 1034 sive
498 967 586 1034 aliud
616 968 775 1051 quoddam
802 970 870 1035 sive
903 971 1038 1036 nullum
1056 971 1183 1036 omnino
1213 971 1330 1036 habent

289 1087 548 1155 additamentum.
597 1088 765 1155 Enimvero
793 1090 892 1156 multa
921 1091 1019 1159 verba
1048 1092 1075 1157 si
1103 1092 1187 1157 male
1217 1091 1327 1158 addita

289 1217 371 1294 sunt,
412 1229 452 1276 ea
490 1230 548 1296 pro
583 1210 703 1276 soholio
751 1210 945 1297 habebimus,
990 1212 1168 1295 ouJusmodi
1208 1212 1329 1278 soholia

291 1329 475 1416 aliquando,
497 1351 626 1417 perraro
642 1338 748 1397 tamen
771 1332 819 1418 (ut
839 1333 873 1396 in
883 1333 1043 1418 Apologia
1063 1354 1090 1399 o.
1110 1332 1208 1419 1fin.)
1230 1334 1329 1397 textui

290 1452 407 1527 inserta
435 1458 517 1519 sunt.
580 1452 700 1530 Quodsi
735 1452 775 1519 de
802 1453 908 1518 multis
937 1460 1031 1536 atque
1070 1454 1151 1520 adeo
1188 1454 1330 1540 plurimis

291 1572 398 1639 verbis
419 1573 535 1658 partim
565 1572 683 1640 additis
713 1574 829 1661 partim
858 1575 1090 1659 praetermissis
1115 1575 1210 1659 longe
1239 1574 1331 1640 aliter

288 1693 498 1778 judicandum
521 1702 582 1760 est:
606 1694 685 1760 nihil
706 1696 848 1781 profecto
870 1695 1035 1761 hamorem
1056 1696 1172 1761 elarius
1187 1695 1330 1760 inlustra-

291 1814 337 1879 bit
368 1835 463 1897 quarn
493 1813 683 1881 deteriorum
705 1815 797 1881 oodd.
825 1815 1043 1882 additamenta
1072 1815 1141 1882 sive
1168 1816 1330 1881 meliorum

292 1933 384 2000 eodd
408 1934 520 2001 eodem
541 1935 575 2000 in
596 1936 668 2002 loeo
698 1937 894 2003 omissiones.
946 1937 1029 2002 Nam
1051 1957 1278 2022 saepenumero
1300 1944 1332 2002 et
1363 1986 1366 1989 ,

292 2056 325 2120 in
348 2056 512 2122 Piscatore
533 2062 565 2122 et
586 2057 620 2121 in
641 2057 791 2144 Menippo
821 2058 967 2124 meliores
997 2056 1088 2123 eodd.
1111 2058 1203 2124 malis
1225 2077 1332 2123 eorum
1381 2042 1386 2048 ’

291 2176 458 2243 verborum
496 2178 718 2245 omissionibus
754 2179 907 2264 laborant,
946 2198 1027 2261 quae
1055 2178 1153 2244 verba
1180 2179 1213 2242 in
1247 2177 1331 2243 dete

291 2298 425 2366 rioribus
455 2298 547 2365 oodd.
577 2319 617 2364 ex
646 2298 709 2365 alio
745 2301 831 2365 fonte
867 2299 1019 2365 derivatis
1055 2299 1172 2385 optime
1207 2304 1332 2364 servata

291 2427 373 2486 sunt.
422 2419 469 2485 Ae
497 2421 683 2505 plerumque
712 2420 830 2486 malae·
845 2420 879 2485 in
908 2419 999 2486 bonis
1027 2418 1118 2484 eodd.
1148 2419 1332 2485 omissiones

292 2540 461 2606 efortuita
483 2560 581 2606 eausa
609 2547 644 2605 nt
673 2561 713 2606 ex
743 2540 994 2607 homoeoteleuto
1023 2545 1118 2606 natae
1140 2546 1220 2622 sunt,
1251 2558 1332 2623 qnae

292 2659 404 2725 eadem
433 2659 533 2725 verba
559 2660 592 2725 in
622 2661 668 2726 eis
697 2659 798 2746 codd,
828 2662 880 2744 qui
903 2661 936 2726 in
958 2661 1139 2726 universnm
1161 2658 1331 2726 deteriores

296 2786 378 2865 snut,
419 2780 516 2846 aliam
557 2787 677 2847 sortem
718 2782 857 2867 expertis
893 2781 958 2867 legi
995 2800 1126 2848 neeesse
1155 2787 1211 2847 est.
1273 2780 1331 2845 His

292 2900 389 2987 igitur
410 2901 490 2968 loeis
512 2922 530 2968 e
553 2901 763 2969 deterioribus
785 2901 877 2969 oodd
898 2902 997 2969 verba
1018 2902 1052 2967 in
1067 2900 1201 2968 caeteris
1215 2907 1331 2967 temere

296 3022 414 3088 omissa
438 3029 523 3088 oeno
546 3023 772 3109 supplebimus.
816 3022 881 3090 Sed
902 3024 964 3090 hae
986 3043 1066 3105 quas
1086 3021 1241 3107 genuinas
1262 3040 1332 3087 esse

294 3141 361 3207 dixi
383 3142 581 3209 seoessiones
602 3144 728 3210 tametsi
750 3145 935 3229 plerumque
956 3142 1059 3229 prima
1079 3161 1175 3210 manu
1196 3141 1333 3227 scriptae

293 3270 381 3330 sunt:
404 3268 510 3330 tamen
532 3283 573 3329 ne
595 3263 754 3330 secundae
776 3264 902 3348 quidem
925 3283 1037 3329 manus
1060 3263 1128 3329 sive
1149 3261 1333 3328 eorreetoris

294 3384 512 3451 additamenta
541 3385 685 3452 omnibus
720 3385 799 3451 loois
834 3384 1010 3469 rejicienda
1038 3390 1126 3451 sunt:
1161 3381 1251 3467 eujus
1286 3381 1333 3447 rei

292 3506 453 3592 spooimen
482 3506 675 3572 luculentum
711 3506 766 3570 ille
801 3506 871 3591 ipse
906 3505 1006 3572 oodex
1044 3504 1073 3569 Φ
1105 3505 1137 3570 in
1170 3503 1333 3569 Pisoatore

293 3647 320 3693 o.
331 3629 373 3693 48
391 3627 583 3713 suppeditat.
617 3625 826 3704 Quamobrem
838 3627 1056 3693 additamenta
1073 3625 1169 3711 paulo
1189 3623 1334 3709 longiora

293 3750 438 3833 quamvis
466 3768 525 3834 per
553 3768 588 3815 se
617 3755 694 3834 apta
723 3748 787 3813 sint
815 3748 857 3813 ad
885 3748 1084 3831 sententiam,
1114 3754 1220 3812 tamen
1250 3746 1277 3811 si
1299 3745 1333 3810 in

292 3872 379 3938 nullo
401 3869 511 3937 oodioe
532 3871 686 3956 leguntur,
708 3876 794 3937 nerto
809 3869 988 3936 adulterina
1002 3868 1198 3952 judicamus:
1221 3866 1333 3932 eadem

293 3993 376 4060 siin
406 3990 614 4058 deterioribus
643 3990 735 4059 oodd.
766 3998 893 4058 servata
923 3998 1004 4074 sunt,
1033 3989 1149 4055 absunt
1178 3995 1283 4053 autem
1311 4008 1333 4052 a

293 4113 484 4198 melioribus,
512 4112 671 4199 plerisque
700 4113 779 4180 loeis
800 4132 902 4196 aeque
929 4110 1067 4197 genuina
1096 4108 1258 4193 habemus,
1293 4128 1332 4173 ao

293 4235 373 4300 siin
389 4233 550 4301 eodieibus
572 4241 733 4303 exstarent
753 4234 796 4301 ad
817 4253 915 4300 unum
937 4230 1090 4299 omnibus.
1134 4228 1281 4313 Denique
1299 4228 1333 4293 in
