3050 5160
275 427 351 498 200
660 458 927 512 Δαοεααεααοε

275 628 402 716 ὄνομα,
438 631 528 696 καλεῖ
555 654 592 697 σε
619 628 838 720 Πυθαγόρας.
888 634 937 701 15.
972 631 1142 708 Πίθωνος
1164 631 1201 699 δι’
1220 657 1313 707 τινος

273 742 340 802 τῶν
361 740 397 802 ἐν
417 734 611 821 Μακεδονίᾳ
644 734 851 823 εὐπαρύφων,
887 737 1062 805 νεανίσκου
1087 736 1210 822 ὡραίου
1242 742 1312 822 ἐρε-

275 841 469 928 σχηλοῦντος
499 837 600 906 αὐτὸν
629 841 683 905 καί
712 841 945 927 προτείνοντος
973 839 1125 927 ἐρώτημά
1153 867 1185 907 τι
1215 865 1312 927 σοφι-

201 937 206 947 '
275 942 385 1010 σοικόν
405 944 459 1009 καί
480 940 667 1019 κελεύοντος
688 948 790 1011 εἰπεῖν
811 953 873 1012 τοῦ
895 946 1109 1035 συλλογισμοῦ
1128 942 1191 1030 τὴν
1201 942 1307 1022 λύσιν,

202 1064 208 1077 ’
274 1055 321 1126 ὲν,
346 1046 421 1133 ipo,
452 1046 526 1114 σίδα
547 1049 672 1127 τέκνον,
706 1049 755 1115 ὅτι
776 1048 928 1138 περαίνη.
961 1046 1251 1138 ἀγανακτήσαντος
1274 1047 1311 1113 δὲ

273 1151 397 1218 ἐκείνου
419 1150 473 1218 ἐπί
499 1158 542 1240 τῷ
564 1159 624 1237 τῆς
646 1150 846 1239 ἀμφιβολίας
868 1152 1042 1241 σκώμματι
1070 1154 1124 1220 καί
1152 1177 1313 1221 συναπει-

274 1408 394 1453 mortuus
412 1407 496 1452 esset:
516 1416 585 1466 quse
604 1416 675 1451 mors
693 1402 774 1461 (siout
790 1403 824 1453 nd
834 1402 995 1453 Eunuchum
1014 1403 1066 1454 σ.7
1083 1400 1236 1463 observavi)
1254 1418 1309 1452 non

272 1489 356 1541 multo
374 1493 438 1540 nuto
455 1503 552 1539 ennom
573 1487 623 1539 163
641 1488 766 1540 inciderit
783 1504 896 1539 necesse
915 1495 964 1540 est.
1001 1505 1154 1556 quenquam
1173 1495 1243 1541 teste
1254 1488 1308 1539 (is-

273 1576 335 1627 leno
345 1576 378 1627 Τ.
388 1576 451 1627 XIV
460 1591 486 1640 p.
497 1575 547 1627 617
567 1575 610 1625 ed.
629 1574 717 1626 Kiibn.
736 1576 764 1626 in
783 1576 910 1626 Favorini
928 1575 1016 1626 losum
1027 1578 1181 1627 Demetrius
1191 1576 1307 1626 Alexan·

274 1665 366 1714 drinus
383 1664 484 1715 Romus
507 1663 653 1713 subcessit:
678 1678 740 1713 nem
758 1663 875 1713 Maximo
895 1664 977 1728 Tyrio
996 1664 1098 1715 Romus
1122 1665 1217 1714 iterum
1236 1663 1308 1712 diem

272 1752 437 1815 promittenti
456 1751 603 1799 certissime
622 1749 733 1799 multum
752 1749 855 1800 obstitit
876 1750 1019 1801 latinorum
1044 1751 1180 1802 literarum
1200 1751 1307 1814 imperi-

274 1839 320 1888 tis.
391 1831 476 1885 αύταύ
495 1835 577 1885 ΒΦΥ.
614 1828 699 1884 αύτού
718 1837 790 1887 AFK
809 1842 837 1887 et
854 1837 1140 1889 edd.enteReitsium.
1212 1828 1243 1885 δὲ
1262 1839 1309 1885 καί

274 1916 356 1989 αίτίι]
379 1925 418 1975 ite
441 1922 555 1988 conjeci.
592 1922 653 1972 libri
676 1915 706 1971 δὲ
730 1917 801 1972 uir&
820 1950 864 1973 -.
901 1924 962 1975 vide
988 1924 1103 1976 Demon.
1127 1925 1160 1975 ts
1183 1926 1241 1974 sive
1264 1924 1307 1973 De

274 2010 386 2075 Dipssd.
405 2009 435 2061 u:
464 2003 497 2058 ού
514 2006 609 2075 χεῖρον
627 2002 657 2058 δι’
680 2013 738 2059 καί
761 2003 843 2060 atsi
869 2002 967 2069 εἰπεῖν,
996 2011 1038 2061 De
1057 2012 1126 2062 Hist.
1148 2011 1259 2062 Couser.
1278 2013 1307 2063 5:

275 2091 307 2146 ού
324 2098 419 2164 χεῖρον
436 2099 493 2146 καί
515 2091 600 2161 πρὸς
625 2090 754 2150 αύτούς
776 2092 896 2151 ἐκείνους
920 2089 1063 2164 εἰρῆσθαι.
1144 2091 1179 2148 ιῖν
1192 2092 1306 2163 Ἄριοι]

273 2188 311 2237 its
330 2186 448 2237 Cobetns
466 2186 498 2236 V.
519 2186 549 2236 1..
576 2200 602 2251 p.
623 2183 681 2236 150.
719 2184 780 2235 libri
803 2179 853 2235 ε’ίιν
871 2179 973 2251 Ἀριστ.
1057 2180 1190 2250 Λύκειον]
1213 2179 1308 2235 tiam

274 2274 306 2323 Β.
343 2274 424 2339 vulgo
448 2278 538 2323 sutem
563 2274 602 2323 sio
626 2276 833 2338 interpungunt‚
861 2279 892 2323 ut
913 2273 983 2323 mole
1002 2272 1153 2337 jungentur
1173 2265 1242 2342 καλῇ
1261 2267 1307 2322 ἐπὶ

272 2355 305 2410 τὸ
323 2354 447 2410 Λύκειον
474 2359 622 2424 eodemque
647 2359 726 2409 modo
751 2361 778 2409 in
802 2360 938 2424 proximis.
975 2360 1218 2424 interpunctionem
1245 2376 1306 2412 cor·

273 2449 389 2499 reximus
407 2446 533 2505 Solinus,
554 2460 605 2510 ego
624 2446 720 2509 purtim
739 2447 765 2495 in
786 2447 909 2507 Quaestt.
927 2444 1032 2511 ρ.211,
1052 2445 1159 2496 Bekker
1177 2452 1205 2496 et
1218 2447 1305 2497 Cobe-

273 2539 317 2584 tus
335 2535 366 2584 V.
385 2533 417 2583 1..
437 2548 463 2598 p.
486 2530 544 2584 150.
616 2526 723 2597 λ’ψομαι
740 2548 788 2597 pro
808 2527 917 2598 ἕψομαι
932 2533 963 2582 Δ.
1032 2524 1228 2599 Ἀκαδήμειαν]
1247 2533 1307 2584 libri

273 2620 317 2670 hio
336 2635 443 2685 quoque
458 2610 638 2682 Ἀκαδημίαν.
719 2613 749 2667 ἐν
770 2615 805 2690 τῇ
823 2611 941 2687 Ποικίλη
961 2617 1068 2670 Bekier
1090 2625 1118 2669 et
1135 2619 1254 2671 Cobetus
1273 2621 1304 2671 V.

273 2707 305 2756 1..
330 2723 356 2772 p.
381 2705 441 2759 tto.
477 2699 523 2755 ε’πί
549 2702 582 2774 τῇ
609 2698 728 2775 Ποικίλῃ
753 2705 985 2758 ΑΒΦΡΚΒΤΠῩ.
1021 2698 1067 2754 ίτιί
1093 2700 1145 2770 τὴν
1170 2699 1308 2770 Ποικίλην

274 2792 335 2843 edd.
352 2798 418 2843 vett.
436 2808 498 2843 nem
518 2792 560 2842 hic
579 2792 687 2858 quidem
706 2787 755 2841 ἐπί
775 2809 789 2842 e
808 2792 993 2858 superioribus
1016 2799 1107 2843 netum
1132 2799 1182 2844 est.
1218 2808 1307 2859 neque

272 2885 363 2930 tumen
380 2880 451 2930 idem
470 2878 588 2930 Cobetus
607 2878 638 2928 V.
658 2878 690 2929 L.
708 2879 797 2943 ntor
815 2887 843 2929 et
859 2895 886 2944 p.
900 2878 952 2931 282
970 2879 1131 2930 locutionem
1151 2871 1307 2945 διατρίβειν

274 2960 322 3016 εἀί
336 2983 392 3017 τινι
409 2972 483 3017 reete
501 2966 569 3015 dixit
586 2963 758 3023 ‚ridiculum‘.
794 2968 874 3017 immo
893 2966 955 3016 vide
974 2965 1088 3031 exempli
1099 2983 1183 3018 oense
1191 2968 1305 3018 Hermo·

272 3055 365 3104 timum
383 3053 430 3105 79:
449 3046 495 3101 ἐπί
512 3045 603 3104 τίιτσιο
621 3044 778 3118 διατρίβετε
797 3059 825 3103 et
841 3053 1001 3103 Eunuchum
1020 3069 1044 3104 o.
1056 3055 1080 3105 5.
1153 3048 1188 3103 ἂν
1204 3052 1306 3104 Ποθα-

271 3135 358 3208 γύρας
373 3132 454 3208 καλῇ]
472 3131 541 3208 καλῇ
566 3140 649 3189 incito
675 3138 775 3189 delevit
794 3139 913 3191 Cobetus
931 3139 964 3189 V.
984 3140 1017 3191 1..
1035 3156 1061 3205 p.
1082 3139 1145 3201 1511,
1172 3141 1243 3191 mele
1260 3140 1306 3190 iile

272 3227 391 3293 quidem,
410 3241 490 3291 quum
508 3225 619 3275 verbum
637 3217 707 3295 καλῇ
725 3231 840 3290 poscunt
857 3227 997 3277 inferiora:
1022 3219 1102 3277 καλεῖ
1123 3243 1153 3277 σε
1171 3222 1305 3294 Πυθαγύ·

273 3329 331 3379 ρας,
403 3298 453 3362 σύν
471 3329 513 3363 om
531 3312 564 3363 F.
633 3304 714 3362 καλεῖ
735 3328 766 3362 σε
783 3306 964 3380 Πυθαγόρας]
989 3307 1155 3381 πυθαγύραι
1177 3331 1206 3366 οε
1227 3308 1309 3365 ιιαλεῗ

272 3399 397 3452 Psolus.

343 3502 384 3556 15.
421 3497 561 3556 Πύθωνας
583 3501 655 3569 (post
678 3497 860 3571 Πυθαγόραι]
883 3520 981 3556 nomon
1005 3506 1074 3556 bene
1098 3522 1224 3571 greeoum
1248 3524 1304 3559 ser·

272 3593 348 3655 vovi,
376 3591 486 3643 daturus
505 3592 527 3641 si
546 3590 632 3641 codex
650 3591 763 3642 heberet
780 3589 942 3650 Πείθωνος,
971 3608 1069 3644 nomen
1093 3596 1121 3643 iu
1145 3594 1307 3646 Macedouis.

271 3680 398 3745 frequens
416 3695 459 3744 sp.
479 3679 600 3730 Curtium
620 3684 647 3729 et
664 3680 821 3741 Arriennm,
845 3696 893 3744 pro
912 3695 965 3745 quo
984 3681 1091 3745 saepius
1109 3674 1218 3731 Πύθων
1234 3683 1305 3733 maie

271 3769 405 3827 venetur,
430 3769 504 3818 utin
522 3768 636 3818 Arriano
655 3766 741 3817 snsb.
761 3767 808 3832 Vl,
828 3765 870 3825 17,
889 3767 907 3819 2
925 3774 953 3816 et
970 3767 1016 3829 VI,
1034 3766 1078 3828 28,
1096 3768 1122 3819 1.
1194 3763 1225 3818 ίν
1240 3768 1306 3818 Ma·

271 3845 393 3919 κείονίρ]
419 3847 449 3904 ίν
470 3848 505 3918 τῆ
528 3845 693 3916 possiam,
719 3854 752 3905 F.
831 3846 1012 3919 είπαρύφων]
1037 3846 1203 3921 εὐπαρύφου
1221 3857 1303 3915 Arx,

271 3940 343 3990 unde
361 3940 464 3993 scribor
490 3934 661 4006 εύοιιιρύραν
683 3932 771 3990 olori.
809 3956 870 3991 nem
896 3945 923 3992 st
945 3932 1004 3995 υίίτ
1027 3942 1153 4005 postponi
1170 3947 1260 4007 potest
1279 3948 1306 3992 et

272 4040 316 4076 res
333 4027 392 4090 ipss
409 4027 521 4078 Athenis
544 4026 644 4078 oceidit
660 4043 715 4078 non
740 4028 768 4077 in
789 4026 959 4078 Macedonis.
1037 4020 1250 4091 ἐρεσχηλοῦντος
1265 4028 1306 4079 Be

274 4117 302 4161 et
324 4111 381 4176 (qui
404 4105 497 4172 αύτον)
520 4114 552 4164 λ.
589 4106 798 4177 ε’ρεσγελούντοτ
820 4114 843 4165 F
866 4119 893 4166 et
914 4113 1030 4164 fortusse
1056 4111 1082 4161 Φ
1104 4119 1132 4164 et
1149 4129 1175 4165 v.
1254 4111 1304 4165 τοῦ

274 4188 454 4263 συλλογισμοῦ
477 4192 530 4262 τὴν
550 4191 636 4263 λύσιν]
658 4194 711 4263 τὴν
727 4193 805 4250 λύσιν
820 4195 871 4250 τού
896 4192 1077 4266 συλλογιομοῦ
1094 4201 1118 4251 Δ
1136 4202 1219 4253 solus.
1255 4196 1305 4251 τού

274 4274 454 4349 συλλογισμοῦ
479 4283 598 4336 Cobstns
620 4285 652 4336 V.
671 4286 703 4335 L.
727 4302 754 4351 p.
773 4284 807 4338 40
830 4285 947 4338 delebat.
1028 4280 1093 4351 ἔφη]
1119 4279 1197 4337 τίοιεν
1220 4288 1306 4339 oodex

272 4370 421 4422 Parisinus.
499 4369 617 4443 περαίνη
637 4372 685 4424 ΔΡ
704 4378 731 4423 et
748 4389 773 4426 v.
808 4371 971 4441 περαίνειΒ
986 4377 1014 4424 et
1027 4373 1142 4425 fortusse
1160 4373 1308 4425 soholieste
