3108 5166
443 386 523 441 ποτ
536 390 606 442 Aur
618 387 805 445 murm
818 388 1069 443 sermones.
1224 370 1278 455 83

237 581 313 629 σαν·
338 556 412 627 οίόν
438 585 472 627 τι
493 558 605 646 δμίλει
631 560 686 627 καί
699 558 804 635 Ἴκκος
831 560 886 629 καί
901 557 1076 647 Ἡρόδικος
1102 560 1157 627 καί
1182 559 1278 629 Θίιεν

234 664 291 729 καί
313 665 345 729 εἴ
360 689 409 739 τις
430 662 526 739 ἄλλος
545 660 738 752 γυμναστὴς
757 662 955 755 ὑπόσχοιντο
972 662 1015 730 όν
1030 688 1093 743 σοι,
1119 661 1160 730 οό
1173 661 1234 731 τόν
1255 668 1276 707 ⁴*
1294 682 1328 736 ti

236 765 423 851 Περδίκκαν
444 764 692 853 παραλαβόντες
721 772 766 852 (εί
787 764 827 853 δὴ
851 762 948 843 οὗτός
977 772 1065 835 ἐστιν
1087 766 1105 833 ό
1128 774 1187 851 τῆς
1208 792 1277 852 μη-

234 878 348 955 τρυιᾶς
369 872 521 956 ίραοδείς
542 873 595 937 καί
618 872 658 939 δι’
682 870 762 937 αὐτό
785 869 1013 957 κατεσκληκώς,
1039 869 1117 936 ἀλλὰ
1129 868 1178 956 rer}
1199 871 1278 937 Ἀν-

235 972 344 1062 τίοχος
365 972 383 1039 ό
404 980 465 1059 τῆς
484 972 645 1043 Σελεύκου
664 975 884 1062 Στρατονίκης
905 975 1055 1060 decime)
1080 973 1278 1061 ἀποφαίνειν

238 1220 339 1271 dietum
363 1238 437 1273 esse:
464 1223 503 1271 ita
528 1223 556 1271 in
582 1227 719 1286 posterum
746 1221 870 1275 censebit
891 1237 946 1272 uon
969 1223 1056 1272 miuus
1080 1236 1190 1287 pravum
1216 1237 1276 1271 esse

238 1306 311 1371 quod
328 1309 385 1371 ipse
403 1309 505 1357 invenit
521 1304 619 1373 χρῆσιν
634 1303 692 1357 τεόν
709 1301 742 1356 οδ
759 1301 931 1373 προσόντων.
961 1308 1045 1368 Quasi
1064 1323 1128 1358 vero
1145 1308 1178 1356 iis
1196 1307 1276 1358 rebus

238 1408 308 1459 quae
331 1393 411 1457 plane
436 1393 526 1444 nullae
549 1400 621 1455 sunt,
645 1397 683 1444 uti
708 1394 798 1444 licest
826 1396 886 1460 Ego
911 1410 976 1444 vero
998 1390 1055 1443 sris·
1078 1388 1278 1458 προσηκόντων

237 1479 437 1530 rescribendum
456 1498 516 1531 esse
535 1482 635 1535 dudum
653 1481 773 1532 videram
791 1482 817 1531 h.
837 1498 877 1532 e.:
903 1498 965 1545 „ars
984 1487 1011 1531 et
1029 1482 1169 1532 consilium
1187 1496 1277 1531 mensu

237 1580 292 1615 non
310 1567 407 1615 attinet
423 1567 458 1616 ad
475 1568 606 1617 creandas
623 1583 667 1617 res
683 1568 756 1632 ipsas
774 1569 951 1629 necessarias,
970 1568 1018 1617 sed
1036 1569 1071 1618 ad
1088 1583 1164 1617 usum
1184 1583 1276 1617 earum

239 1650 450 1701 necessarium.“
481 1647 522 1701 Τὰ
546 1647 725 1717 προσήκοντα
748 1669 781 1703 ea
805 1658 876 1715 sunt,
900 1669 969 1718 quae
995 1654 1030 1704 ad
1053 1669 1108 1703 rem
1132 1654 1275 1718 pertinent,

238 1740 333 1787 contra
356 1733 393 1785 τό
415 1730 504 1801 μηδὲν
525 1733 704 1803 προσήκοντα
728 1755 809 1803 supra
827 1756 850 1789 e.
872 1737 904 1788 lt
922 1739 966 1789 fin.
991 1756 1060 1805 quae
1085 1756 1117 1789 eo
1141 1756 1197 1790 non
1215 1756 1275 1805 per-

237 1824 333 1872 tinent
361 1823 458 1873 Certae
480 1824 543 1874 fidei
566 1829 683 1874 nostram
702 1840 762 1874 esse
781 1827 975 1875 correctionem
994 1841 1026 1875 ex
1045 1826 1169 1875 antithesi
1189 1826 1278 1877 elucet

238 1907 377 1960 rhetorica
407 1905 465 1958 τῶν
491 1905 691 1976 προσηκόντων
717 1915 746 1960 et
770 1906 822 1973 τὴν
847 1905 1052 1979 προσήκουσαν.
1083 1913 1116 1961 In
1140 1911 1277 1962 antithetis

238 1994 309 2043 enim
330 1994 402 2044 idem
425 1996 586 2046 vocabulum
610 1996 707 2047 leviter
731 1997 899 2046 immutatum
924 1998 1009 2061 repeti
1034 1997 1173 2061 eleganter
1197 1997 1276 2059 solet,

238 2080 319 2129 sicuti
341 2080 384 2131 De
407 2081 491 2131 llere.
512 2081 645 2133 conduct.
670 2098 694 2131 c.
713 2078 744 2132 7:
771 2076 820 2144 οὐχ
840 2076 858 2145 ἡ
881 2078 939 2130 τῶν
963 2076 1119 2148 ἀναγκαίων
1140 2082 1219 2147 χρεία
1241 2078 1277 2146 ἢν

240 2160 372 2230 λ’φασκσν,
400 2159 456 2215 ἀλλ’
474 2162 493 2230 ἡ
510 2163 568 2216 τεόν
585 2161 635 2216 οὐκ
653 2161 810 2234 ἀναγκαίων
827 2162 972 2232 ε’πιδνριιά.
999 2169 1042 2218 De
1060 2169 1112 2219 hoc
1129 2170 1188 2233 ipso
1206 2170 1275 2219 auti-

238 2252 373 2303 tlretorusu
390 2268 491 2318 genere
509 2254 614 2303 Tullius
633 2256 730 2317 passim
750 2252 851 2318 optima
868 2255 943 2305 dedit
958 2259 1104 2319 praecepta
1122 2253 1166 2314 (cf.
1177 2255 1276 2305 Orator

240 2337 442 2399 ellantii).
509 2333 576 2404 su]
595 2333 664 2388 ἀλλὰ
681 2338 715 2388 Ω.
780 2332 1077 2404 ἡρὸδικοεΔΓΒΤΠ.
1095 2334 1274 2405 ἡρόδικσεθ.

240 2416 364 2490 ι’ρόδεκοε
385 2427 483 2477 lemma
506 2426 601 2477 scholii
624 2428 653 2476 iu
674 2427 707 2476 Ε.
733 2418 870 2492 ἠροδίζηι
886 2424 962 2475 ΩΦΕ
989 2430 1016 2475 et
1034 2425 1094 2475 edd.
1112 2431 1178 2476 vett.
1204 2420 1274 2489 ἡρο-

240 2502 318 2575 δίξηε
334 2512 369 2562 Η.
447 2505 495 2574 οὐχ
522 2510 595 2576 (poet
617 2508 780 2578 γυμναστὴς)
807 2512 881 2562 solus
907 2511 1011 2561 eddidit
1033 2510 1163 2561 Juntinae
1190 2512 1278 2562 editor

240 2602 336 2648 contra
352 2613 445 2649 omues
463 2598 571 2649 codices
590 2592 649 2660 (οὐχ
668 2614 711 2649 orn
730 2599 828 2648 diserte
846 2594 1095 2659 cessurusne).
1120 2597 1188 2648 Vide
1207 2614 1276 2663 quae

239 2698 321 2746 supra
338 2683 373 2733 ad
391 2699 415 2733 c.
433 2683 524 2734 linit
543 2685 704 2735 dictasunt
781 2679 944 2747 ὑπόσχοιντο
964 2682 1014 2733 ΦΑ
1032 2688 1060 2733 et
1076 2700 1102 2733 v.
1127 2677 1275 2747 όπόσχοιτο

240 2765 348 2820 DEVG.
419 2764 452 2818 σί
476 2764 527 2819 τόν
543 2761 704 2836 Περδίκκαν
726 2770 835 2821 Bekher
858 2770 1033 2834 similiterque
1055 2769 1112 2833 jam
1130 2770 1275 2821 Marcilius.

240 2850 289 2903 τεῦ
307 2850 358 2904 τόν
374 2847 510 2920 περδίκαν
527 2857 559 2906 Α.
583 2851 634 2905 τοῦ
651 2851 702 2905 τόν
725 2857 804 2909 etiam
824 2855 857 2906 (3.
881 2846 1017 2920 περδίκαν
1035 2856 1115 2905 etism
1132 2856 1276 2906 Victorius.

239 2938 340 2989 τοῦτον
355 2933 509 3007 περδίκειαν
526 2939 653 2992 Metu.
723 2934 934 3006 παραλαβόντες
949 2938 975 2988 Ω
989 2947 1016 2990 et
1024 2956 1050 2989 v.
1068 2934 1200 3006 λαβόντεσ
1217 2940 1276 3004 ΦΑ,
1309 2962 1313 2973 ⁵

241 3027 288 3091 qui
310 3027 390 3076 iidem
414 3027 505 3091 paullo
528 3033 591 3091 post
613 3027 666 3079 hoc
683 3030 770 3092 ipsum
787 3020 998 3092 παραλαβόντες
1015 3032 1088 3076 recte
1107 3032 1224 3076 servant.

240 3110 365 3178 μητρυᾶς
382 3113 439 3164 FH.
458 3110 598 3180 perspicio
616 3114 648 3164 G.
720 3105 755 3162 δι’
770 3107 848 3177 αὐτὸ]
866 3115 904 3164 ita
922 3111 1036 3177 conjeci.
1056 3103 1091 3160 δι’
1107 3104 1177 3161 αὐτοὶ
1192 3110 1277 3163 ΩΕίλ.

242 3189 291 3247 διὰ
316 3195 404 3249 ταῦτα
428 3215 454 3249 v.
480 3202 523 3250 Its
544 3215 626 3264 saepe
643 3200 781 3250 Lucienus
804 3191 839 3248 δι’
859 3190 937 3256 sliri,
962 3199 1001 3247 uti
1024 3198 1067 3247 De
1088 3198 1172 3249 llere.
1192 3199 1277 3250 Oond.

242 3300 266 3335 ο.
284 3283 319 3336 23
337 3285 407 3335 med.
426 3291 455 3335 et
471 3300 552 3350 supra
570 3285 621 3335 ο.8
638 3286 719 3347 τοτα,
737 3285 783 3335 ubi
801 3286 971 3335 Hermannus
988 3282 1058 3347 peu
1075 3284 1190 3348 plurime
1206 3284 1277 3348 ejus-

242 3371 315 3421 modi
334 3370 453 3436 collegit.
525 3367 540 3420 ό
558 3366 607 3435 τῆς
623 3363 769 3435 Σελεύκου]
793 3373 833 3420 ita
849 3371 964 3434 conjeci.
991 3369 1066 3419 Libri
1083 3385 1176 3421 omues
1194 3364 1209 3419 ό
1227 3365 1277 3418 τοῦ

240 3449 386 3506 Σελεόκσο.
415 3458 450 3507 At
474 3463 531 3508 tum
554 3458 638 3509 verba
659 3455 846 3522 Στρατονίκης
870 3450 974 3519 ε’κείνηε
998 3462 1025 3506 et
1048 3457 1147 3521 frigent
1172 3462 1278 3506 etcum

240 3544 407 3607 praegressis
431 3549 505 3594 recte
528 3545 648 3593 construi
670 3548 817 3609 nequeunt.
844 3544 880 3593 Et
897 3542 1057 3593 Antiochum
1076 3548 1104 3592 et
1120 3542 1279 3592 Perdiccam

242 3644 376 3680 novercae
394 3636 527 3681 amatores
545 3631 626 3680 fuisse
640 3630 793 3680 coustehat:
812 3645 905 3694 parum
919 3628 1093 3692 congruebat,
1111 3633 1172 3677 uter
1185 3643 1277 3678 eorum

243 3714 295 3765 hoe
318 3730 409 3765 amore
433 3715 624 3766 contabuisset.
653 3717 707 3777 Qui
728 3712 778 3780 τῆε
798 3732 847 3781 pro
870 3711 920 3764 τοῦ
945 3714 1088 3764 emendare
1106 3712 1230 3774 uoluerit,
1254 3714 1278 3762 is

243 3801 327 3850 verba
336 3799 523 3868 Στρατονίκης
540 3796 644 3866 ἐκείνης
660 3806 691 3851 ut
702 3803 920 3866 praecedentium
934 3797 983 3862 τῆς
995 3795 1132 3865 μητρυιᾶς
1146 3797 1278 3849 scholium

244 3886 334 3937 delere
353 3887 470 3938 debebit.
493 3888 529 3937 Et
540 3888 611 3937 hauc
624 3888 731 3953 quidem
744 3888 927 3952 conjecturam
943 3886 1005 3935 olim
1019 3888 1047 3935 iu
1061 3883 1277 3949 censurarum

242 3974 321 4037 posui
345 3973 512 4038 positamque
530 3973 664 4023 nonnullis
682 3974 801 4038 probavi.
830 3974 956 4024 Ceterura
973 3972 1043 4022 hauc
1060 3972 1234 4037 parenthesin
1252 3962 1281 4019 εί

245 4050 279 4122 δὴ
292 4082 326 4093 -
339 4053 443 4122 ε’κείνητ
460 4065 543 4109 totam
562 4060 639 4124 qnasi
656 4059 786 4110 scholium
805 4059 910 4110 scilieet
923 4059 1053 4109 Graevius
1067 4063 1149 4122 atque
1162 4057 1277 4107 Solauns

244 4146 361 4210 expungi
383 4145 533 4196 voluerunt.
560 4146 596 4196 At
616 4161 681 4195 vero
704 4147 827 4210 superius
844 4145 912 4196 illud
933 4140 984 4194 τόν
1000 4135 1160 4210 Περδίκκαν
1181 4158 1231 4207 per
1248 4159 1277 4193 se

244 4230 329 4280 solnm
341 4223 545 4296 κατεσκληκότα
558 4226 712 4298 ἄνθρωπον
723 4232 875 4297 significare
888 4232 962 4282 nullo
976 4232 1056 4281 modo
1070 4235 1167 4294 potest.
1187 4230 1277 4291 Quare

243 4316 296 4368 ists
308 4316 418 4371 Graevii
434 4317 593 4384 conjectura
608 4318 674 4370 nihil
692 4323 733 4371 eet
744 4318 886 4371 infelicius.
958 4311 1126 4384 ἀποφαίνειν
1144 4309 1277 4382 itenere-

1030 4401 1046 4455 ρ
1055 4403 1071 4438 ε
