3022 5168
624 386 814 440 triremos.
1185 355 1233 427 85

205 554 382 641 [θανόντες]
414 560 451 622 ἐν
477 563 518 644 τῇ
547 553 651 641 μανίᾳ
679 552 717 620 τὸ
749 550 829 619 αὐτὸ
858 560 956 619 τοῦτο
986 553 1144 633 ὃναθῶοι,
1182 556 1237 621 καὶ

203 660 297 727 αὐτοὶ
326 664 479 745 ἔκφρονες
506 659 684 748 γίγνονται.
733 654 991 743 ονριμοταβαῖνοι
1010 657 1082 746 γάρ
1109 684 1141 724 τι
1168 664 1235 725 sou*

201 762 337 838 πάθους
359 764 431 848 ἄρνα
451 770 495 850 τῷ
518 759 663 850 δήγματι
691 761 744 826 καὶ
771 764 999 849 πολυγονεῖται
1019 760 1042 845 ἡ
1064 759 1162 836 νόσος
1183 762 1238 827 καὶ

202 864 305 957 πολλῆ
333 867 474 954 γίγνεται
501 872 560 949 τῆς
588 864 711 950 μανίας
744 861 888 952 διαδοχή.
936 864 1080 931 ΛΟΥΚ.
1117 863 1237 931 οὐκοῦν

201 971 255 1037 καὶ
284 967 383 1044 αὐτὸς
413 973 491 1054 [τῶν
513 967 631 1053 αὐτῶν]
661 966 745 1054 ἡμῖν
767 972 845 1054 ἐρᾶν
873 965 1042 1055 ὁμολογεῖς
1049 995 1063 1049 ,·
1097 969 1235 1035 ΕΤΑΙ.

202 1178 270 1231 τῶν
288 1176 400 1230 αιἰτῶν
416 1175 485 1246 ἡμῖν
502 1175 571 1245 ἐρᾶν
588 1173 749 1246 &pelopen
770 1179 897 1247 inprimis
913 1178 977 1233 vide
993 1176 1065 1234 mihi
1080 1178 1174 1234 locum
1190 1194 1238 1249 ge-
1268 1218 1270 1225 ,

202 1267 317 1331 minum,
334 1266 438 1335 inquo
455 1268 484 1321 et
500 1266 560 1336 ipso
577 1265 612 1320 de
629 1264 820 1336 philosophiae
838 1281 932 1321 umore
949 1266 1102 1331 disseritur,
1122 1266 1239 1321 Hermo·

203 1353 263 1409 tim,
282 1351 298 1417 9
314 1353 347 1406 25
365 1352 441 1407 init:
461 1356 508 1402 essi
525 1350 578 1419 γὰρ
599 1346 690 1411 αὐτὸς,
711 1339 906 1417 deppam,
925 1350 983 1402 τῶν
1001 1349 1093 1402 αὐτῶν
1111 1368 1157 1401 σοι
1174 1347 1238 1418 ἐρῶ.

202 1440 234 1494 ut
251 1438 488 1494 Hemsterhusius:
506 1438 587 1505 ‚nihil
604 1440 679 1508 eget,
697 1437 798 1507 inquit,
816 1439 839 1493 si
856 1437 917 1506 quis
934 1453 963 1492 se
980 1434 1142 1492 defunctum
1157 1439 1241 1506 putet

203 1525 385 1595 ooujeetendo
403 1530 450 1576 καὶ
465 1522 522 1576 τῶν
541 1520 631 1575 αὐτῶν
650 1518 709 1591 (sio)
731 1520 798 1589 ἡμῖν
815 1525 866 1577 eto.
902 1540 974 1592 quae
992 1540 1101 1578 sensum
1118 1524 1239 1592 quidem,

202 1611 251 1666 sed
272 1628 330 1666 non
351 1610 435 1682 hujus
454 1612 510 1666 loei
532 1608 655 1667 hebent‘.
690 1611 776 1666 immo
799 1615 846 1660 καὶ
869 1604 953 1665 αὐτὸς
979 1608 1036 1660 τῶν
1059 1606 1151 1661 αὐτῶν
1173 1607 1240 1676 ἡμῖν

202 1697 323 1753 debehat
339 1697 383 1753 vir
400 1716 531 1764 summus,
550 1699 599 1767 qui
616 1716 712 1753 rerum
726 1714 806 1766 aquo
816 1697 941 1766 proxime
958 1697 1088 1752 obfuerat
1105 1714 1162 1752 non
1169 1697 1240 1753 bene

202 1784 307 1854 rejecit.
342 1787 374 1839 ot
391 1785 504 1839 omnino
522 1784 550 1841 h.
559 1785 578 1840 l.
595 1781 734 1850 (similiter
751 1800 784 1838 ee
801 1800 886 1852 supro
901 1779 954 1851 57)
972 1783 1164 1853 philosophiae
1181 1787 1239 1838 stu-

203 1871 280 1926 dium
297 1887 361 1926 oum
369 1873 525 1927 ementium
543 1871 642 1927 ardore
651 1871 828 1940 eomparatur
836 1869 1007 1940 verbumque
1016 1871 1141 1939 superius
1158 1870 1241 1925 umioi

202 1958 344 2023 τέτρωμαι
360 1957 433 2013 nihil
451 1958 529 2014 eliud
546 1975 631 2028 quum
649 1954 704 2025 ἐρῶ
723 1956 874 2026 significet:
893 1973 965 2025 quse
982 1972 1026 2011 res
1043 1957 1129 2012 etium
1147 1957 1240 2027 proxi·

202 2044 255 2099 mis
263 2044 354 2099 verbis
364 2040 410 2097 ἐπὶ
426 2041 477 2095 τὸν
492 2038 1060 2110 τρώσαντα-παρακαλιῖνοοηίὶῐωαῐιιτ,
1095 2060 1161 2097 num
1179 2060 1240 2099 ora·

204 2119 298 2186 culum
315 2129 437 2201 Telepho
460 2131 558 2185 datum
579 2130 637 2184 sire
660 2130 757 2184 nutum
780 2129 846 2184 inde
867 2129 1046 2199 proverbium
1063 2129 1114 2184 ulii
1126 2133 1241 2199 'quoque

203 2216 350 2285 scriptores
367 2216 403 2270 sd
420 2216 522 2271 amoris
538 2216 656 2271 vulnero
671 2216 701 2271 et
718 2215 754 2269 sd
770 2215 829 2270 tels
846 2214 988 2283 Cupidinis
1005 2216 1178 2271 transferunt
1194 2232 1240 2271 ve·

204 2301 249 2357 lut
265 2301 381 2357 Publius
398 2302 483 2372 Syrus
505 2302 769 2370 personemus:
797 2301 906 2366 ,umoris
929 2301 1031 2356 vulnus
1054 2304 1134 2356 must
1158 2302 1240 2367 idem,

205 2390 254 2459 qui
270 2385 346 2442 fseit‘
369 2389 454 2456 utque
478 2388 592 2444 Obarito
610 2388 658 2453 VI,
676 2389 701 2453 3,
723 2387 773 2443 ubi
794 2388 857 2442 vide
877 2386 1060 2442 D'Orvillium
1082 2406 1109 2457 p.
1128 2388 1179 2443 527
1198 2388 1240 2444 ed.
1351 2436 1353 2445 .
1470 2418 1506 2491 U

204 2473 277 2543 Lips.
295 2474 391 2543 itaque
407 2476 519 2529 tantm
536 2475 623 2541 obest,
641 2477 675 2530 ut
691 2473 807 2530 verbum
825 2469 894 2538 ἐρᾶν
910 2473 956 2528 hio
968 2473 1068 2528 debent
1084 2475 1242 2547 suspectum

204 2577 270 2626 esse,
287 2562 322 2615 ut
329 2559 434 2615 mutari
443 2560 522 2615 nullo
535 2560 617 2615 modo
626 2561 726 2631 possit:
744 2577 799 2630 quo
811 2560 903 2615 deleto
916 2559 984 2615 hsee
994 2559 1056 2629 jam
1068 2578 1149 2616 nemo
1158 2561 1241 2615 intel·

203 2646 283 2717 ligni.
319 2662 418 2715 nempe
430 2646 476 2700 hio
485 2646 553 2715 quid
561 2647 658 2702 audito
667 2645 780 2717 Nigrini
797 2662 921 2701 sermone
929 2646 1019 2701 smioo
1028 2646 1061 2700 ud
1072 2647 1242 2714 postremum

203 2732 343 2798 sooiderit,
366 2733 518 2788 olsriesimo
541 2733 627 2788 verbo
645 2733 792 2788 dicendum
815 2735 857 2787 est
874 2734 903 2788 et
919 2733 1075 2803 irneginum
1092 2732 1242 2788 involueris

204 2819 407 2874 abstinendum
443 2821 518 2875 reete
536 2819 624 2888 igitur
640 2819 816 2874 Lehmannus
833 2836 896 2875 oum
913 2818 1020 2886 hangio
1038 2818 1155 2874 verbum
1175 2815 1243 2884 ἐρᾶν

201 2904 246 2963 its
262 2904 352 2958 tuitus
369 2906 419 2971 est,
444 2907 477 2960 ut
493 2904 527 2958 (le
545 2905 740 2977 philosophiae
757 2922 851 2961 umore
868 2907 1013 2976 uooeptum
1030 2906 1123 2961 vellet.
1158 2905 1243 2975 longe

205 2988 287 3044 nliter
309 2990 377 3044 olim
399 2990 435 3045 sel
452 2992 479 3046 h.
498 2991 518 3045 l.
539 2992 770 3059 Hemsterhusius,
798 2992 846 3063 qui
862 3010 888 3048 v.
914 2988 983 3058 ἐρᾶν
1005 2993 1168 3061 corruptum
1185 3008 1242 3047 esse

204 3075 360 3147 praefatus:
379 3078 526 3142 ‚sententie
543 3080 630 3149 patet,
647 3080 754 3149 inquit:
778 3079 909 3134 nimirum
927 3077 1031 3133 voluit:
1053 3094 1120 3148 ergo
1138 3077 1243 3147 etipse

205 3162 330 3216 uninmm
350 3163 431 3216 tuum
456 3162 517 3219 istis
539 3165 698 3234 philosophi
715 3165 829 3235 Nigrini
852 3164 1025 3221 sermonibus
1045 3166 1243 3234 compunctum

205 3262 263 3303 esse
280 3249 310 3303 et
327 3248 556 3302 vulneratum
572 3248 685 3306 interie‘.
721 3253 782 3305 tum
800 3268 833 3306 ex
850 3251 1000 3306 Anecdotis
1016 3268 1044 3320 p.
1058 3245 1114 3317 (43)
1133 3249 1242 3321 oolligi-

205 3337 254 3390 tur
270 3333 510 3391 Hemsterhusium
526 3334 572 3390 hio
589 3334 724 3406 ejusmodi
741 3337 857 3391 verbum
874 3338 1026 3406 expetiisse,
1052 3336 1128 3406 quod
1145 3336 1242 3391 dextro

203 3420 356 3492 joculatori
379 3416 473 3489 (siusili
498 3417 652 3490 τέτρωμαι)
676 3422 843 3478 conveniret.
880 3423 924 3477 fue
951 3423 993 3477 ius
1016 3424 1151 3491 seriptum
1173 3438 1242 3477 esee:

205 3510 268 3562 tum
284 3523 350 3564 sero
368 3507 504 3577 Nigrinus
526 3524 584 3562 non
606 3525 669 3563 oum
686 3508 759 3563 bono
774 3506 931 3578 joculatore
948 3509 996 3563 sed
1013 3526 1076 3564 oum
1093 3525 1141 3575 ee,
1163 3507 1244 3578 eujus

205 3594 298 3665 imago
315 3594 441 3666 proxime
459 3595 614 3661 suieoessit,
641 3611 704 3649 oum
721 3611 789 3649 eune
805 3594 917 3650 rubiose,
934 3594 1051 3666 pessime
1067 3597 1244 3663 oomperstus

205 3684 281 3737 esset.
318 3681 451 3737 nimirum
468 3684 497 3736 et
512 3681 803 3751 ipseHemsterhusius
820 3681 926 3736 erruvit
942 3681 971 3734 et
988 3680 1037 3749 qui
1053 3681 1135 3734 tante
1148 3680 1243 3734 sueto·

205 3769 290 3824 riiste
313 3785 369 3824 non
387 3769 560 3841 argumentis
585 3768 652 3823 ullis
675 3768 745 3823 moti
767 3785 818 3837 pro
837 3762 905 3832 ἐρᾶν
928 3766 1106 3836 oonjeoerunt
1130 3757 1245 3830 οἰστρᾶν
1283 3824 1287 3833 ¹

208 3854 360 3926 [ennepius
377 3856 414 3911 ud
431 3856 543 3911 Phulsr.
562 3855 703 3925 Ep.p.36,
722 3850 809 3921 ἀργᾶν
826 3851 972 3908 Jacobsius
988 3868 1061 3920 pone
1078 3851 1111 3908 B.
1129 3851 1245 3931 Porsoni

206 3941 318 3999 Adsere.
342 3960 368 4011 p.
388 3943 447 4010 286,
474 3943 587 4009 καιρίαν
604 3939 829 3997 Schneidewinus
854 3938 933 4009 (lonj.
951 3937 1019 3994 cris.
1043 3956 1070 4007 p.
1081 3937 1148 4007 ⁴144,
1174 3954 1245 4008 quse

207 4029 301 4083 omniu
322 4028 492 4098 ingeniosius
515 4046 600 4098 quern
622 4029 714 4084 verius
736 4027 851 4082 invente
874 4026 947 4080 sunt.
1025 4023 1151 4092 προσέτι]
1169 4022 1245 4094 spis

208 4111 249 4164 lu
265 4115 296 4180 B,
323 4115 430 4183 inquo
452 4115 546 4171 codiee
561 4115 713 4187 Nigrinum
737 4115 862 4184 proxime
884 4113 1040 4182 insequitur
1058 4109 1246 4178 Δημώνακτος

207 4200 281 4260 Βίοι,
300 4216 412 4268 prorsus
428 4202 462 4256 ut
478 4200 509 4254 in
525 4201 584 4256 eod„
602 4201 739 4257 Vstiosno
756 4202 783 4251 Γ
797 4202 919 4256 ὺοοοοοῒο
937 4199 1065 4255 Messene
1087 4194 1112 4267 (1
1129 4217 1156 4270 p.
1175 4197 1246 4253 CLII
1288 4226 1294 4247 ι

207 4284 248 4341 ed.
266 4279 374 4352 Iiehm.)
446 4280 548 4354 δέομαί
562 4288 593 4354 ys
612 4285 670 4353 σον]
691 4280 794 4354 δέομαί
810 4304 860 4338 νον
878 4284 990 4355 per.
1061 4281 1166 4350 κοινήν]
1185 4301 1245 4334 soe·
1298 4298 1300 4301 ·
