3050 5160
625 374 835 429 εεαοπςοα.
1174 349 1250 423 243

212 540 318 632 λύγων
339 539 567 630 προηγώνιστο
597 543 709 620 αὐτοῖς
734 545 789 611 καλ
816 543 880 630 την
907 546 1078 632 ἐμπειρίαν
1101 544 1252 634 ἐκάτερος

211 653 275 713 τών
306 643 482 736 δογμάτων
511 647 729 727 ἐπεδέδεικτο,
761 649 814 714 καί
845 649 895 714 ὅτι
922 655 984 716 τοῦ
1008 649 1251 736 Ἀριστοτέλους

212 751 265 816 καί
287 758 353 816 τοῖν
375 749 482 838 ἐκείνῳ
506 749 693 818 δοκούντων
715 754 834 840 εἴχετο·
859 752 914 819 καί
934 750 984 837 μδ
1006 750 1130 821 τόνΔί
1157 754 1250 822 οὐδὲ·

211 878 305 940 τερος
327 852 436 919 αάτών
458 852 605 939 ἀμείνων
625 849 680 940 ἦν.
715 856 748 922 5.
772 852 812 921 τὸ
836 853 866 919 δ’
888 849 949 922 σύν
969 857 1059 932 τέλος
1080 864 1140 942 τῆς
1163 857 1253 943 δίκης

212 963 244 1033 ἐς
273 964 372 1024 τοῦτο
401 958 574 1043 περιέστη·
618 956 782 1044 ἀφέμενος
809 955 872 1046 γάρ
902 956 920 1024 ὁ
943 961 1084 1045 Διοκλῆς
1104 968 1163 1027 τοῦ
1187 961 1254 1028 δει-

211 1058 328 1129 κνύναι
355 1058 397 1127 τοὶ
430 1059 532 1128 αὑτοῦ
555 1062 749 1147 μετέβαινεν
771 1063 825 1127 ἐπί
853 1059 914 1129 τδν
934 1061 1082 1151 Βαγώαν
1103 1065 1157 1129 καί
1186 1064 1253 1131 διε-

211 1166 330 1253 λε’γχειν
352 1168 502 1251 ἐπειρᾶτο
530 1163 674 1251 μάλιστα
702 1162 760 1231 τάν
788 1165 864 1252 βίον
887 1164 1007 1233 αὐτοῦ·
1043 1165 1125 1233 κατά
1147 1165 1251 1234 ταύτά

212 1266 248 1334 δὲ
290 1267 344 1333 καί
394 1266 412 1333 ὁ
456 1265 598 1356 Βαγώας
650 1266 841 1353 ἀντεξήταζε
889 1267 948 1336 τὸν
992 1270 1117 1337 ἐκείνου
1163 1272 1249 1358 βίον.

211 1372 370 1438 ΠΑΜΦ.
407 1369 556 1451 είκύτως,
593 1366 616 1436 ἀ
647 1372 789 1438 Λυκῖνε·
829 1373 882 1437 καλ
913 1371 955 1440 τά
990 1374 1087 1440 πλειίο
1120 1400 1159 1463 γε
1192 1383 1254 1442 τοῦ

211 1474 309 1564 λύγου
341 1475 416 1561 περί
448 1472 569 1541 τούτου
603 1476 753 1561 [μᾶλλον]
789 1480 884 1565 ἐχρῆν
918 1474 1001 1542 εἶναι
1035 1475 1165 1553 αὐτοῖς·
1209 1477 1252 1554 ώς

212 1584 320 1669 ἔγωγε,
346 1581 377 1645 εί
397 1576 535 1658 δικάζων
558 1576 746 1668 ἐτύγχανον,
773 1580 826 1645 ἐπί
848 1584 891 1668 τῷ
914 1577 1051 1668 τοιούτῳ
1073 1579 1111 1648 τδ
1134 1583 1251 1649 πλεῖον

212 1682 378 1769 διατρῖψαι
408 1681 450 1748 ἀν
476 1706 537 1769 μοι
567 1681 650 1751 δοκῶ
677 1679 738 1749 τάν
760 1682 900 1768 ἀμεινον
920 1685 1059 1771 βιοῦντα
1080 1686 1208 1767 μᾶλλον
1229 1687 1252 1771 ἢ

210 1784 270 1853 τάν
303 1790 340 1852 ὲν
371 1799 440 1861 τοῖς
480 1783 589 1875 λύγοις
628 1785 741 1861 αὐτοῖς
780 1785 1028 1877 προχειρότερον
1062 1792 1167 1873 ζητών
1198 1790 1252 1856 καί

212 1887 404 1977 οζκειύτερον
425 1896 467 1977 τῇ
489 1891 563 1978 νίκῃ
586 1890 738 1975 νομίζων.
786 1894 817 1958 6.
848 1892 962 1958 ΛΥΚ.
989 1886 1024 1957 εά
1046 1893 1146 1980 λέγεις
1167 1892 1253 1979 κάμὲ

212 1992 398 2080 ὁμόψηφον
421 1998 457 2059 ἐν
477 1991 582 2081 τούτῳ
602 1998 690 2082 ἔχεις.
717 1995 788 2059 ἐπεὶ
811 1993 846 2060 δὲ
868 1996 937 2070 ἅλις
957 1998 1023 2081 μέν
1045 1994 1128 2084 εἶχον
1150 1997 1253 2082 βλασ-

212 2106 346 2184 φημιῶν
378 2101 399 2138 *
434 2098 502 2171 ἀλις
532 2095 567 2163 δὲ
596 2098 737 2186 ἐλέγχων,
769 2095 808 2164 τδ
834 2100 1019 2165 τελευταῖον
1040 2098 1105 2184 ἤδη
1130 2097 1148 2165 ὁ
1171 2103 1253 2165 Διο-
1271 2121 1322 2172 355

211 2205 287 2286 κλῆς
317 2204 397 2287 ἔφη,
432 2200 520 2287 μηδὲ
549 2197 612 2285 τὴν
642 2198 744 2290 ἀρχήν
772 2199 915 2286 θεμιτδν
945 2200 1029 2269 εἶναι
1055 2208 1099 2289 τῷ
1127 2199 1252 2291 Βαγώᾳ

210 2312 468 2390 μεταποιεῖσθαι
497 2303 690 2390 φιλοσοφίας
719 2305 772 2369 καί
800 2313 868 2371 τών
896 2303 944 2371 ἐπ’
978 2303 1062 2393 αὐτῇ
1086 2303 1251 2392 ἀριστείων

211 2406 351 2497 εὐνούχῳ
372 2433 410 2497 γε
432 2406 518 2487 ὄντι,
544 2396 626 2473 ἀλλά
650 2406 729 2483 τούς
749 2406 919 2483 τοιούτους
941 2405 999 2497 σύχ
1020 2409 1110 2483 ὅπως
1126 2407 1253 2475 τούτων

211 2511 462 2579 ἀποκεκλεῖσθαι
490 2510 594 2597 ἠξίου,
626 2508 706 2576 ἀλλά
739 2512 793 2577 καί
823 2515 916 2597 ίερών
939 2510 1047 2578 αὐτῶν
1079 2512 1132 2577 καί
1159 2538 1253 2599 περι-

129 2632 135 2645 ·
211 2617 393 2701 ραντηρίοιν
414 2615 467 2680 καί
496 2622 562 2681 τών
582 2622 700 2681 κοινῶν
723 2614 882 2681 ἁπάντων
905 2611 1079 2704 συλλόγων,
1113 2614 1252 2683 δυσοιώ-

210 2716 324 2787 νιστών
355 2745 387 2786 τι
419 2718 616 2805 ἀποφαίνων
647 2721 701 2785 καί
735 2716 942 2804 δυσάντητον
972 2721 1106 2806 θέαμα,
1143 2721 1175 2786 εί
1202 2744 1252 2795 τις

211 2830 316 2890 ἔωθεν
338 2819 425 2899 ἐξιών
448 2826 482 2888 ἐκ
502 2829 562 2906 τῆς
585 2822 687 2897 οἰκίας
712 2823 776 2888 ίδσι
797 2819 951 2889 τοιοῦτὸν
972 2846 1058 2890 τινα.
1102 2823 1156 2889 καί
1185 2846 1252 2890 πο-

209 2925 266 3002 λύς
287 2921 331 3012 ἧν
354 2925 372 2992 δ
394 2927 470 3011 περί
496 2924 618 2993 τούτου
644 2923 757 3015 λύγος,
789 2923 865 2992 ούτε
888 2924 993 3011 ἄνδρα
1016 2924 1094 2992 σύτο
1113 2938 1251 3014 γυναῖκα

212 3030 295 3098 εἶναι
327 3027 388 3097 τάν
419 3028 573 3119 εὐνοῦχον
606 3030 773 3117 λέγοντος,
816 3026 895 3094 ἀλλά
929 3053 961 3094 τι
1001 3025 1164 3096 σύνθετον
1197 3030 1252 3095 καί
1308 3016 1310 3020 ’

211 3131 328 3221 μικτὸν
360 3133 413 3198 καί
452 3132 630 3218 τερατῶδες
671 3137 726 3208 ἐξω
758 3138 818 3216 τῆς
859 3130 1073 3218 ἀνθρωπείας
1112 3130 1248 3218 φύσεως.

211 3236 370 3305 ΠΑΜΦ.
406 3233 522 3303 καινύν
549 3261 587 3325 γε
615 3233 653 3302 τὸ
684 3237 829 3324 ἔγκλημα
858 3231 941 3320 φῆς,
974 3230 999 3301 ὦ
1026 3236 1166 3315 Λυκῖνε,
1197 3237 1251 3303 καί

213 3341 278 3426 ἥδη
300 3342 398 3430 γελᾶν
418 3340 473 3405 καί
496 3338 612 3435 αὐτὸς,
646 3333 670 3405 ώ
693 3346 815 3424 ἑταῖρε,
846 3335 1040 3427 προάγομαι
1059 3346 1119 3424 τῆς
1140 3364 1251 3426 παρα-

282 3504 305 3553 5.
342 3498 377 3550 τά
396 3496 491 3567 αύτού]
516 3496 551 3551 τά
576 3494 662 3550 αύτού
681 3516 705 3551 ιι.
786 3494 909 3566 βαγώαν]
927 3493 1044 3566 μαγείαν
1066 3516 1141 3565 prm
1161 3506 1188 3550 et
1206 3501 1249 3552 hic

214 3596 241 3640 et
258 3590 327 3640 infra
345 3590 371 3638 in
392 3588 425 3640 Φ.
497 3582 549 3638 τὸν
565 3586 629 3654 βίον
647 3580 744 3653 αύτού]
761 3580 812 3636 τάν
833 3584 897 3654 βίον
917 3580 1011 3636 αύτού.
1048 3576 1193 3651 διελίγγων
1212 3585 1247 3646 Φ,

213 3674 282 3725 undo
302 3677 341 3726 εἰσ
359 3681 535 3741 transponere
553 3676 655 3742 possis:
679 3676 726 3723 καῖ
748 3666 869 3739 μάλιστα
892 3669 942 3722 τάν
959 3671 1023 3739 βίον
1041 3665 1126 3721 αύτοῦ
1145 3664 1249 3740 διελίγ·

212 3780 269 3827 χειν
288 3757 429 3828 ἐπειρᾶτο.
502 3758 573 3812 κατὰ
590 3756 687 3827 ταύτὰ]
708 3778 749 3811 om
771 3760 805 3810 Φ.
840 3776 889 3826 pro
910 3777 942 3811 eo
960 3752 1118 3808 καταταοτά
1137 3759 1249 3821 a(mor0

213 3848 282 3911 suo).
353 3844 531 3916 ἀντεξήταζε]
552 3843 714 3909 ἀντεξίταζε
734 3848 768 3898 Φ.
844 3848 911 3913 περὶ
926 3841 1028 3896 τούτου
1046 3839 1161 3912 μᾶλλον]
1178 3839 1249 3912 μάλ-

212 3931 262 3988 λον
280 3940 332 3989 dici
351 3939 395 3989 hio
412 3955 462 4004 per
479 3954 508 3989 εο
526 3943 629 4004 potest:
654 3941 744 4003 potest
760 3951 826 3985 vero
847 3936 926 3985 etiam
946 3950 979 3985 ex
997 3935 1124 3985 inferiore
1143 3927 1250 4000 μᾶλλον

213 4031 306 4076 σεῖσαι
330 4042 389 4076 esse
413 4026 529 4091 ideoque
552 4025 616 4075 mihi
641 4028 795 4089 suspectum
821 4027 870 4073 est.
951 4013 1101 4090 διατρίψει
1118 4039 1166 4088 pro
1186 4014 1247 4072 δια-

213 4111 314 4181 τρίφαι
329 4112 492 4164 Jacobitius.
570 4104 677 4177 μᾶλλον
698 4104 726 4175 ἢ]
752 4103 859 4176 μᾶλλον
882 4096 933 4159 οάν
956 4104 975 4174 ἢ
999 4110 1025 4158 ‹1›
1047 4125 1121 4161 mero
1147 4125 1247 4161 errore.

122 4218 128 4231 ε
214 4217 275 4252 nam
293 4192 399 4265 μᾶλλον
415 4194 435 4265 ἢ
453 4193 485 4249 ού
504 4199 538 4251 οῖ)
556 4199 583 4250 h.
602 4199 620 4249 1.
641 4198 782 4261 abhorret,
807 4198 840 4248 de
860 4213 913 4262 quo
931 4197 994 4248 vido
1013 4198 1195 4249 Hermannum
1213 4196 1249 4248 εδ

214 4290 305 4354 Viget.
325 4303 352 4353 p.
370 4285 431 4339 801.
500 4282 534 4357 τῇ
553 4282 625 4355 νίκῃ]
643 4280 695 4350 τὴν
711 4282 789 4348 νίκην
808 4284 866 4334 cM.
1025 4362 1043 4401 Ι·

991 4367 1023 4420 16
