3050 5160
278 378 344 434 XVI
672 374 944 433 Pflohsoolmhs

277 533 346 599 Etsi
361 531 450 598 nulls
466 528 726 618 philosophorum
744 529 855 597 sohols
872 530 946 596 tulis
962 529 1030 615 fuir,
1051 536 1086 596 ut
1108 528 1182 596 fidoi
1203 549 1314 597 norma

265 650 414 721 'eredere
440 658 549 739 posset
577 658 609 718 et
637 651 729 735 qnasi
758 651 830 738 ipss
856 651 978 737 religio.
1023 650 1145 718 Tauron
1168 658 1201 717 et
1222 651 1314 719 stoici

278 777 364 858 §85
393 780 425 842 et
453 773 570 840 coeteri
599 772 692 838 unius
720 772 944 859 philosophiae
971 773 1099 839 nomino
1131 773 1313 859 reprehensi

277 904 359 965 sunt
409 895 553 982 Adparet
584 900 691 961 eutem
723 892 867 961 hominos
895 894 1044 962 cultiores
1071 893 1113 961 sb
1134 894 1315 961 Aristotelis

277 1018 353 1085 inde
363 1024 505 1103 temporo
515 1015 750 1103 philosophiam
765 1016 870 1101 ipsam
879 1015 949 1101 jorn
960 1036 1157 1103 paganorum
1167 1015 1315 1101 religioni

277 1138 476 1207 substituisse
494 1137 586 1221 qussi
602 1136 765 1222 ιίοιιιίιιιο,
784 1137 830 1203 uti
847 1135 963 1205 dooent
975 1137 1172 1223 Plutarchus,
1190 1136 1315 1224 Epiete

277 1269 338 1347 tns,
356 1260 523 1326 Demonsx
538 1265 571 1326 et
587 1259 643 1326 ulii
659 1257 841 1346 philosophi
859 1259 1066 1346 inprimisqhe
1083 1259 1125 1324 hl.
1136 1258 1315 1325 Antoninus

277 1383 458 1470 imperator,
487 1378 597 1464 quiid
619 1380 695 1468 egit,
723 1386 758 1446 ut
778 1380 922 1449 homines
951 1386 1046 1465 quum
1067 1380 1205 1467 plurimi,
1233 1380 1316 1447 scut

277 1503 336 1570 luit
367 1504 453 1591 ipse,
485 1501 585 1569 Stoiei
617 1500 799 1570 evaderent.
854 1502 1043 1587 Quanquam
1075 1508 1189 1588 posteo
1219 1501 1316 1587 longe

277 1626 370 1693 aliter
396 1624 521 1691 llsrous
548 1623 647 1690 sensit
673 1642 778 1707 neque
804 1624 902 1691 olium
930 1622 1155 1711 philosophum
1182 1623 1313 1709 ognovit

278 1748 341 1815 nisi
362 1746 528 1831 Gulosum,
550 1751 586 1811 ut
606 1744 659 1811 hie
680 1745 751 1832 ipso
772 1753 880 1813 nutat
900 1746 978 1812 XIV
999 1768 1029 1833 p.
1049 1747 1115 1812 660
1135 1743 1185 1810 ed.
1207 1743 1313 1810 Kuhn.

278 1869 329 1934 De
345 1867 412 1934 vite
427 1872 533 1933 sutem
551 1865 690 1933 nefando
708 1886 825 1953 eorum,
844 1868 898 1951 qui
916 1867 975 1935 suh
985 1868 1092 1935 hlsroo
1108 1865 1315 1955 philosophos

279 2009 314 2059 se
348 2009 419 2057 esse
443 1989 633 2075 olomsrent,
665 1988 769 2072 questi
802 1994 875 2056 sunt
907 1988 1035 2076 plurimi
1069 1989 1103 2056 in
1136 1988 1186 2055 his
1219 1988 1316 2054 etism

279 2111 421 2179 Galenus
441 2109 518 2176 XIV
540 2132 572 2197 p.
596 2110 671 2196 656,
700 2129 803 2194 noque
829 2110 870 2177 ab
897 2109 962 2176 lide
988 2110 1146 2195 obhorret,
1179 2109 1314 2196 primurn

278 2233 365 2301 illius
392 2231 507 2299 notetis
539 2231 746 2319 philosophos
778 2252 817 2299 so
849 2238 916 2298 tum
948 2231 1075 2301 demum
1107 2236 1250 2298 oseteros
1281 2229 1315 2296 in

278 2354 413 2422 Luoisni
441 2352 548 2420 odium
569 2352 746 2421 inourrisse.
798 2352 891 2421 certo
919 2353 992 2421 aliis
1020 2353 1053 2419 in
1083 2352 1207 2438 saturis,
1236 2369 1316 2437 quus

278 2477 312 2542 in
344 2495 422 2543 sune
452 2474 568 2541 notatis
599 2473 807 2561 philosophos
842 2475 979 2563 scripsit,
1012 2473 1202 2563 philosopho
1235 2473 1316 2539 οἰοιιι
1408 2499 1414 2507 ·

279 2596 413 2664 honesto
432 2596 611 2682 praeeipist
631 2594 763 2664 honeste
785 2596 881 2664 etism
901 2594 1072 2663 vivendum
1098 2615 1138 2663 so
1164 2595 1233 2663 solo
1254 2595 1315 2661 uir·

278 2718 355 2785 tutis
376 2716 480 2785 studio
502 2724 537 2783 nt
557 2737 651 2784 verus
673 2717 826 2784 habentur
847 2717 1055 2805 philosophus
1088 2716 1315 2784 elaborandum

280 2859 351 2907 esso
371 2839 489 2922 ubique
510 2838 655 2906 ostendit.
699 2839 742 2903 At
769 2836 872 2906 videri
893 2840 995 2926 possit
1015 2839 1175 2905 Lnoisnus
1204 2836 1315 2905 eodem

280 2959 374 3027 modo
392 2959 567 3045 judicasse,
596 2979 658 3044 quo
687 2959 763 3026 olim
784 2960 855 3047 ipse
876 2960 1023 3028 Soerotes
1045 2979 1162 3047 parens
1191 2958 1316 3025 ethiose

280 3088 312 3148 ot
333 3087 447 3167 postes
473 3081 514 3145 hl.
536 3081 687 3148 Antonini
709 3080 854 3168 deliciae,
881 3082 987 3149 Aristo
1009 3080 1107 3148 Chius
1128 3080 1248 3148 stoious
1265 3079 1316 3164 ju·

280 3202 496 3288 dioursnt'ep.
519 3202 695 3288 Diogenem
716 3201 753 3269 L.
772 3203 842 3289 VII,
865 3205 886 3268 2
907 3204 1019 3286 §1602
1041 3198 1159 3269 τόντε
1179 3197 1315 3288 φυσικόν

280 3319 388 3389 τόπον
416 3321 470 3388 καί
499 3321 560 3390 τόν
588 3320 715 3411 λογικόν
745 3320 876 3412 ἀνῄρει,
911 3324 1011 3413 λέγων
1042 3322 1103 3390 τόν
1135 3326 1199 3410 μὲν
1232 3320 1317 3388 οίνοιι
1372 3402 1379 3415 x

279 3440 364 3528 ὑπὲρ
390 3440 498 3528 ἡμᾶς,
531 3440 589 3509 τόν
618 3442 650 3509 ‹l’
676 3441 774 3511 οὐδὲν
802 3441 887 3530 πρός
914 3442 1022 3530 ἡμᾶς,
1053 3440 1163 3531 μόνον
1193 3443 1230 3510 δὲ
1256 3441 1315 3510 τόν

279 3560 399 3650 ἠθικόν
422 3561 506 3631 εἶναι
526 3560 611 3649 πρὸς
630 3561 734 3651 ἡμᾶς.
781 3567 919 3632 ἐοικέναι
944 3565 980 3632 «tt
1000 3564 1079 3641 τούς
1101 3561 1317 3640 &salavatoris

280 3683 396 3776 λόγους
424 3698 493 3761 τοῖς
523 3685 703 3775 ἀραχνίοις,
736 3687 759 3752 ἃ
786 3686 892 3753 καίτοι
924 3685 1085 3754 δοκοῦντα
1115 3682 1259 3776 τεχνικόν
1285 3710 1316 3751 ιι

281 3806 463 3893 ἐμφαίνειν,
489 3805 632 3897 ἄχρηοτοί
655 3812 753 3888 ἐστιν,
789 3807 926 3893 deniquo
953 3814 1027 3897 post
1048 3808 1229 3876 Aristonem
1250 3808 1317 3874 uni·

279 3946 374 3994 verso
394 3928 482 3995 natio
504 3931 687 4014 oynioornm
708 3929 948 4018 spDiogenem
969 3930 1004 3997 L.
1016 3929 1070 4015 Vl,
1091 3930 1168 3996 103:
1192 3927 1316 4015 ιἰρὲσιιι

184 4102 188 4107 .
281 4041 343 4112 οὖν
371 4046 482 4123 αὐτοῖς
508 4046 568 4114 τόν
596 4049 726 4138 λογικόν
752 4051 806 4116 ιιαί
835 4048 896 4118 τόν
923 4047 1062 4137 φυσικόν
1089 4046 1197 4116 τόπον
1225 4073 1318 4135 περι-

281 4179 395 4254 αιρεῖν,
420 4173 566 4255 ἐμφερῶς
583 4166 754 4255 Ἀρίστωνι
774 4179 819 4261 τῷ
841 4170 926 4259 hilp,
958 4168 1052 4261 μόνῳ
1083 4170 1119 4237 δὲ
1147 4171 1316 4261 προσέχειν

279 4295 324 4379 τῷ
345 4288 463 4381 ἠθικῷ.
499 4290 549 4358 Its
568 4290 666 4379 igitur
687 4293 715 4361 si
733 4293 892 4361 Luoisnns
909 4293 1009 4361 sensit
1028 4291 1174 4379 adeoque
1195 4311 1317 4359 morum
