3086 5154
285 407 334 479 64
687 434 916 487 Λουσικυοτ

284 606 423 688 είδέναις
468 606 601 675 ΧΡΥΣ.
648 602 707 681 τάς
728 612 793 671 τῶν
815 601 919 693 λέγων
941 602 1133 686 πλεκτάνας,
1159 602 1211 680 αίς
1233 628 1318 691 συμ·

282 710 403 790 ποδίζω
425 707 503 785 τούς
524 711 809 795 προσομιλοῦντας
830 709 883 774 καί
906 707 1105 795 ἀποφράττω
1124 709 1178 776 καί
1191 717 1319 777 σιωπᾶν

283 823 368 882 ποιῶ
389 812 494 901 φιμὸν
516 812 653 902 ἀτεχνῶς
675 811 787 888 αὐτοῖς
815 812 981 898 περιθείς·
1007 812 1118 900 ὄνομα
1140 814 1176 880 δὲ
1196 820 1238 903 τῇ
1261 813 1318 879 διι-

284 917 382 1004 νάμει
409 915 513 1006 ταάτῃ
543 914 561 981 ὁ
593 915 744 1002 ἀοίδιμος
767 914 990 1005 συλλογισμός.
1035 918 1126 984 ΩΝ.
1158 916 1314 1003 ἡράκλεις,

284 1018 413 1110 ἄμαχόν
441 1044 515 1087 τινα
544 1020 598 1086 καί
626 1019 736 1107 βίαιον
765 1022 874 1109 λέγεις.
929 1022 1063 1088 ΧΡΥΣ.
1100 1019 1215 1088 σκέπει
1237 1016 1315 1087 οὖν·

283 1125 352 1192 ἔστι
382 1150 433 1191 σοι
459 1123 615 1204 παιδίονς
658 1123 748 1189 ΩΝ.
784 1124 817 1190 τί
841 1121 933 1210 μὴν,
977 1124 1111 1191 ΧΡΓΣ.
1146 1131 1247 1191 τοῦτο
1275 1122 1317 1208 ἢν

284 1253 354 1303 πως
375 1226 575 1314 κροκόδειλος
597 1224 743 1317 ἁρπάσῃ,
775 1227 917 1312 πλησίον
936 1234 995 1294 τοῦ
1018 1235 1174 1316 ποταμοῦ
1197 1228 1319 1307 πλαζό-

282 1357 389 1419 μενον
410 1329 524 1419 τάρων,
555 1328 636 1418 κᾷτά
660 1355 712 1398 σοι
734 1328 918 1397 ἀποδώσειν
940 1330 1134 1421 ὑπισχνῆται
1157 1329 1249 1411 αὐτὸ,
1274 1331 1319 1416 ἢν

284 1437 371 1523 είπρς
391 1434 534 1520 τάληθές
563 1437 582 1501 ὅ
603 1461 634 1501 τι
656 1433 804 1501 δέδοκται
834 1434 920 1523 αὐτῷ
947 1436 1022 1521 περί
1047 1442 1108 1521 τῆς
1130 1433 1319 1510 ἀποδόσεως

282 1548 344 1606 τοῦ
363 1540 519 1627 βρέφους,
549 1537 584 1605 τί
603 1537 717 1626 φήσεις
740 1536 842 1605 αὐτὸν
864 1541 1055 1628 ἕρνωκέναις
1099 1539 1189 1605 stN.
1237 1539 1317 1606 δυο-

284 1640 463 1730 απάκριτου
492 1648 620 1729 ἐρωτᾷς.
661 1641 774 1730 ἀπορῶ
795 1640 858 1731 γάρ
882 1644 901 1708 ὅ
921 1668 952 1711 τι
977 1640 1078 1710 εἰπάν
1099 1640 1313 1729 ἀπολάβοιμι.

284 1745 362 1813 ἀλλά
386 1746 427 1814 σύ
455 1744 538 1832 πρὸς
562 1744 642 1820 Διὸς
669 1744 831 1832 πρότερον
859 1745 1123 1834 ἀποκρινάμενος
1151 1746 1319 1814 ἀνάσωσαί

282 1875 343 1936 μοι
364 1848 402 1916 τδ
424 1848 570 1928 παιδίον,
594 1846 643 1934 μὴ
665 1849 719 1915 καλ
735 1849 852 1940 φθάσῃ
876 1850 956 1918 οιάυδ
970 1849 1148 1918 καταπιών.
1181 1852 1314 1920 ΧΡΥΣ.

283 1951 419 2038 θάρρει·
457 1953 511 2018 καί
543 1952 622 2017 ἄλλα
656 1950 717 2040 γάρ
758 1979 793 2020 σε
834 1952 1020 2042 διδάξομαι.
1046 1952 1314 2041 θαυμασιώτερα.

282 2056 372 2123 ΩΝ.
397 2054 549 2136 τάποῖας
572 2057 705 2124 ΧΡΓΣ.
729 2053 790 2123 τὸν
800 2059 974 2143 θερίζοντα
990 2060 1043 2125 καί
1054 2056 1115 2125 τάν
1124 2057 1315 2144 κυριεύοντα

283 2161 337 2226 καί
352 2160 406 2228 έπί
420 2165 503 2226 πᾶσι
518 2157 762 2245 τῆνἨλέκτραν
773 2162 826 2228 καί
837 2159 897 2228 τὸν
908 2163 1200 2251 ἐγκεκαλυμμένον.
1224 2161 1313 2228 RN.

283 2265 357 2331 τίνα
377 2272 496 2331 τοῦτον
519 2261 581 2329 τάν
603 2265 885 2352 ἐγκεκαλυμμένον
909 2266 931 2350 ἢ
956 2267 1029 2332 τίνα
1055 2263 1116 2351 τὴν
1141 2265 1318 2351 Ἠλέκτραν

216 2380 266 2432 563
283 2369 382 2457 λέγεις
388 2395 402 2448 ,·
424 2371 442 2410 *
464 2367 597 2435 ΧΡΥΣ.
621 2366 796 2454 Ἠλέκτραν
816 2372 881 2455 μέν
903 2369 1029 2455 ἐκείνην
1050 2366 1112 2454 τὴν
1131 2366 1233 2447 πάνυ,
1256 2365 1317 2452 τὴν

280 2470 541 2560 Ἀγαμέμνονος,
565 2473 589 2555 ἢ
607 2468 710 2538 ταύτά
734 2470 802 2537 οίδέ
818 2499 854 2538 τε
873 2472 946 2558 ἅμα
963 2472 1017 2538 καί
1033 2471 1091 2537 οὐκ
1103 2470 1189 2538 οίδε·
1212 2496 1316 2557 παρε-

285 2582 405 2649 στῶτος
433 2572 496 2663 γάρ
524 2574 607 2662 αὐτῇ
636 2582 694 2641 τοῦ
722 2574 881 2661 Ὀρέστου
908 2574 955 2641 ’έτι
985 2574 1128 2663 ἀγνῶτος
1157 2574 1225 2641 οἶδε
1253 2579 1318 2661 μὲν

278 2677 450 2766 Ὀρέστην,
465 2679 514 2745 ὅτι
525 2676 662 2764 ἀδελφός
673 2676 785 2763 αὐτῆς,
799 2679 849 2744 ὅτι
860 2678 895 2745 δὲ
907 2671 1179 2765 οὗτοςὈρέστης,
1193 2677 1313 2767 ἀγνοεῖ.

283 2869 447 2941 κυριεύοντα
469 2874 550 2924 ΔΨΦ
578 2880 605 2925 et
627 2890 653 2924 v.
688 2871 858 2939 ,κυρίττοντα
876 2872 929 2924 sill
958 2874 1090 2939 prebente
1113 2873 1247 2924 Bellero.
1289 2878 1318 2924 st

283 2979 332 3027 pre
355 2961 445 3012 verbis
467 2955 484 3024 ἡ
508 2958 637 3025 κερατίνη
662 2975 798 3026 nunquam
826 2961 924 3011 (licitur
947 2956 1124 3029 άκυρέττων,
1151 2974 1241 3025 neque
1266 2956 1317 3009 τοῦ

283 3046 459 3112 κυρίττοντες
475 3048 546 3096 inter
562 3049 810 3111 argumentationes
827 3047 898 3097 ullus
915 3051 1036 3097 veterum
1053 3046 1182 3107 meminit,
1200 3051 1231 3101 nt
1244 3052 1317 3097 recte

283 3132 749 3198 Mensgiussdniog.1..11,108
772 3149 799 3198 p.
819 3133 878 3195 124,
904 3134 950 3199 qni
971 3133 1041 3183 idem
1066 3132 1215 3196 syllogismi
1237 3125 1317 3181 ἀκυ-

285 3214 387 3285 ριιάων
399 3219 483 3269 mults
497 3218 587 3269 ettnlit
605 3219 736 3282 exempla.
773 3218 815 3269 hie
832 3219 902 3269 adde
920 3219 952 3269 l.
972 3218 1088 3269 Gellium
1106 3217 1138 3269 N.
1149 3218 1180 3269 A.
1199 3219 1249 3281 1,2
1265 3216 1317 3280 fit.

352 3305 477 3357 undecim
494 3305 584 3356 serbis
602 3306 707 3356 omissis
725 3306 747 3356 Δ
767 3306 918 3363 continuet:
946 3307 993 3353 sat
1017 3298 1063 3353 s’rst
1084 3299 1154 3354 πάσι
1170 3300 1222 3368 τὴν
1237 3298 1317 3369 ἠλέκ-

283 3408 354 3459 τραν
370 3385 463 3460 λέγεις.
502 3392 595 3443 eedem
614 3391 670 3441 iere
688 3392 715 3441 in
734 3391 896 3442 scholiastae
920 3392 966 3457 qni
989 3392 1048 3456 ipse
1070 3391 1206 3456 supplevit
1223 3392 1318 3442 codice

284 3479 433 3530 defuerant.
469 3479 530 3529 hinc
549 3480 679 3543 originem
690 3478 765 3528 duxit
783 3478 864 3529 lectio
882 3477 995 3529 contuse
1011 3479 1040 3527 in
1058 3476 1179 3541 ejusdem
1198 3478 1317 3528 scholis·

284 3569 343 3615 etse
360 3564 499 3616 lemmate:
520 3558 678 3631 Ἠλέκτραν
694 3557 844 3631 λέγειςκαὶ
864 3559 916 3613 τὸν
939 3557 1181 3631 ἐγκεκαλυμμένον.
1253 3558 1281 3628 ἣ]
1299 3558 1319 3628 ἢ

283 3652 315 3704 Δ.
385 3646 474 3702 ταίτά
486 3651 520 3701 Ω.
556 3647 644 3702 ταῦτα
662 3651 697 3700 Φ.
733 3646 769 3701 τά
788 3644 860 3701 αάτίι
877 3653 900 3701 Α
918 3655 946 3701 et
962 3666 988 3701 v.
1058 3666 1106 3715 pro
1126 3642 1186 3700 οἶδέ
1203 3676 1238 3687 -
1257 3642 1318 3700 eleis

284 3737 324 3793 Φε
344 3732 422 3790 οἶδεν
433 3764 460 3775 -
475 3732 561 3790 ολδεν.
632 3744 695 3804 poet
713 3733 754 3787 l'rs
771 3732 893 3805 ἀγνῶτος
906 3734 1111 3787 adnuntient:
1129 3739 1177 3786 set
1193 3731 1229 3786 τά
1248 3730 1318 3786 ὀστᾶ

282 3820 329 3889 (τά
348 3825 409 3876 stre
419 3822 454 3890 Ω)
473 3819 508 3891 δὴ
526 3821 576 3876 τοῦ
596 3819 711 3893 ἀρέοτου
730 3820 847 3889 ἔχοντες,
868 3839 938 3890 qune
953 3838 968 3872 e
983 3822 1194 3888 seholiopertim
1211 3824 1317 3889 perdito

283 3916 348 3962 nete
365 3919 427 3964 sunt
445 3917 472 3963 et
489 3918 576 3965 sumts
586 3929 619 3963 ex
633 3930 667 3964 eo
681 3912 711 3975 1.,
730 3912 764 3963 ed
774 3927 853 3978 quem
864 3911 965 3975 primns
974 3907 1054 3972 hujus
1072 3911 1204 3975 captionis
1222 3917 1319 3961 auctor

283 4012 349 4048 sens
372 3999 489 4063 respexit
512 3996 640 4061 Sophocl.
669 3999 770 4050 Electr.
794 4014 819 4048 v.
845 3993 1031 4057 ills-1118,
1055 3997 1225 4062 respexitque
1250 4012 1317 4047 enn-

285 4083 346 4133 dem
366 4083 457 4133 locum
484 4083 516 4134 Δ.
537 4082 640 4133 Gellius
661 4084 693 4137 N.
712 4085 744 4135 A.
762 4085 809 4146 vl,
826 4085 851 4137 5.
922 4075 946 4140 iv',
971 4097 1000 4131 τι
1023 4073 1195 4148 ἀδελφάτΑ.
1266 4077 1318 4133 τὸν

285 4160 309 4217 δ
330 4155 365 4217 αά
384 4161 625 4235 ἐγκεκαλυμμένον]
648 4163 700 4219 τὸν
723 4161 747 4217 δ’
774 4156 810 4218 αά
834 4159 1070 4235 ἐγκαλυπτόμενον
1093 4170 1125 4220 A.
1197 4163 1316 4234 ἴρωμιιι,

284 4244 312 4305 τί
328 4254 447 4307 Cebetus
464 4256 496 4307 V.
515 4255 547 4306 L.
565 4272 591 4321 p.
612 4256 670 4309 112.
705 4256 767 4307 libri
785 4252 908 4325 έρωμυι,
932 4256 998 4306 vitio
1022 4257 1173 4320 frequente,
1197 4259 1228 4306 ut
1251 4256 1280 4305 in
1297 4255 1316 4306 l.

282 4341 325 4393 De
344 4341 431 4393 Morte
449 4342 589 4408 Peregrini
607 4360 631 4394 ε.
649 4343 684 4399 tl
704 4343 762 4394 init.
