3086 5154
529 452 595 506 Aa
608 450 977 503 αΑτπσοΡοσαοισοε.
1218 417 1268 490 45

236 622 306 703 καί,
342 620 451 698 πόσας
472 619 609 698 κοτάλας
631 620 649 688 ὁ
672 619 768 699 θεὸς,
804 617 905 686 dadae
933 617 993 686 τὸν
1021 615 1150 705 κάσμον
1175 642 1271 685 κατε·

239 725 419 805 οκευάζετο,
451 733 511 812 τῆς
533 725 673 814 ἀμιγοῦς
694 725 749 790 καί
770 721 851 791 κατά
873 721 977 790 ταύτά
1000 721 1135 812 ἐχούσης
1158 721 1271 797 οὐσίας

237 831 360 919 ἐνέχεεν
382 834 414 905 ἐς
434 828 491 897 τὸν
515 836 671 917 κρατῆρα,
696 834 730 895 ἐν
749 823 774 917 ᾧ
791 827 831 896 τά
848 826 958 895 πάντα
977 826 1180 914 ἐκεράννυτο,
1204 827 1269 905 καί,

239 939 269 1001 εἰ
293 933 314 1020 ἡ
338 932 510 1021 Ῥητορικὴ
539 935 705 1019 πολιτικῆς
734 933 856 1020 μορίου
878 932 1021 1012 εἴδωλον,
1046 930 1212 1005 κολακείας
1233 928 1271 995 ed

239 1039 406 1125 τέταρτον.
448 1039 548 1128 χαίρει
568 1036 630 1128 γάρ
654 1038 713 1105 οὐκ
736 1036 799 1104 οἶδ’
825 1038 913 1112 ὅπως
934 1035 975 1103 τὰ
997 1044 1135 1103 τοιαῦτα
1155 1036 1274 1101 λεπτο-

238 1144 354 1231 λογῶν,
387 1146 408 1184 ⁴*
438 1140 590 1230 sadduco
615 1148 646 1208 σί
666 1140 730 1228 τὴν
751 1140 866 1230 ψώραν
887 1140 991 1226 ἡδέως
1012 1138 1184 1226 κνώμενοι.
1220 1137 1274 1204 καί
1291 1149 1341 1203 835

239 1245 278 1312 τὸ
300 1243 485 1333 φρόντισμα
506 1244 569 1332 ἡδδ
595 1246 681 1335 αὐτῷ
705 1247 866 1314 δοκεῖκαὶ
887 1246 974 1334 μέγα
1003 1258 1126 1331 φρονεῖ,
1158 1242 1200 1328 ἢν
1222 1242 1274 1309 λε’-

239 1375 336 1439 γηται
358 1350 399 1426 ὡς
422 1351 460 1417 οὐ
489 1349 616 1426 παντὸς
638 1349 758 1438 άνδρός
786 1357 854 1418 ἐστι
885 1349 1026 1417 συνιδεῖν
1056 1351 1078 1414 d
1106 1349 1180 1435 περί
1209 1352 1275 1414 τῶν

243 1452 337 1520 ίδεών
359 1452 532 1540 ὀξυδορκεῖ.
569 1463 673 1522 ταῦτα
704 1454 827 1541 δηλαδὴ
857 1456 910 1522 καί
939 1453 1013 1541 παρ’
1039 1459 1120 1539 ἐμοῦ
1146 1451 1279 1519 ἀπαιτεῖ

241 1558 294 1623 καί
315 1556 356 1624 τά
378 1556 482 1646 πτερά
505 1564 610 1627 ἐκεῖνα
634 1563 730 1645 ζητεῖ,
755 1561 808 1625 καί
831 1558 898 1626 ἄνω
920 1559 1032 1646 βλέπει
1053 1555 1093 1625 τά
1116 1554 1182 1642 πρὸ
1203 1568 1277 1622 τοῖν

243 1661 362 1728 ποδοῖν
395 1662 452 1752 οὐχ
486 1662 581 1749 ὁρῶν.
629 1664 698 1730 ἐπεί
731 1670 797 1730 τῶν
824 1688 860 1752 γε
892 1662 995 1728 ἄλλων
1025 1670 1116 1729 ἕνεκα
1147 1659 1205 1727 οὐκ
1236 1659 1276 1726 άν

244 1764 338 1851 οἶμαι
357 1764 530 1852 μέμψαιτό
552 1791 625 1853 μοι,
651 1766 693 1842 ὡς
710 1765 894 1852 θοίμάτιον
914 1773 1012 1833 τοῦτο
1035 1763 1073 1833 τὸ
1090 1762 1279 1851 Ἑλληνικὸν

243 1868 448 1952 περισπάσας
471 1870 572 1938 αὐτοῦ
590 1869 791 1958 βαρβαρικόν
813 1896 844 1936 τι
865 1870 1076 1955 μετενέδυσα,
1100 1870 1279 1936 καὶταῦτα

242 1970 409 2060 βάρβαρος
432 1973 530 2050 αάτδς
548 1973 632 2041 εἶναι
651 1974 767 2041 δοκῶν.
791 1973 925 2057 η’δίκουν
942 1972 1005 2064 γάρ
1025 1974 1067 2041 ἄν
1083 1972 1124 2040 τά
1142 1980 1279 2041 τοιαῦτα

244 2080 276 2151 ἐς
299 2075 401 2144 αὐτὸν
421 2085 639 2165 παρανομῶν,
664 2079 717 2144 καί
738 2075 799 2163 τὴν
818 2075 959 2165 πάτριον
981 2084 1108 2163 ἐσθῆτα
1129 2076 1280 2144 λωποδυ-

244 2187 320 2247 τῶν.
368 2180 614 2272 ἀπολελόγημαι
636 2181 677 2259 ὡς
700 2180 843 2250 δυνατὸν
866 2183 958 2268 ἐμοί·
982 2182 1077 2268 ὑμεῖς
1100 2183 1136 2248 δὲ
1158 2181 1281 2268 ὁμοίαν

244 2292 286 2372 τῇ
308 2281 411 2350 πάλαι
432 2284 493 2372 τήν
515 2296 631 2374 ψῆφον
654 2288 810 2376 ἐνέγκατε.
852 2288 903 2351 35.
926 2289 1039 2355 ΕΡΜ.
1064 2286 1178 2372 βαβαί,
1204 2286 1281 2350 δέκα

247 2388 335 2463 ὅλαις
357 2402 500 2474 κρατεῖς·
536 2389 553 2457 ὃ
576 2390 638 2481 γάρ
662 2388 761 2467 αὐτὸς
788 2396 907 2467 ἐκεῖνος
935 2389 953 2457 d
983 2387 1085 2456 πάλαι
1114 2388 1190 2455 οὐδὲ
1219 2394 1281 2454 νῦν

247 2487 425 2577 ὁμόψηφός
453 2498 550 2561 ἐστιν.
592 2492 702 2580 άμίλει
723 2491 826 2583 τούτῳ
849 2498 929 2569 ἔθος
952 2495 1018 2560 ἐστί
1039 2500 1123 2560 πᾶσι
1143 2488 1206 2575 τήν
1227 2516 1281 2556 τε·

246 2596 460 2681 τρυπημένην
483 2598 567 2664 οὕτω
590 2599 709 2684 φέρειν,
741 2599 795 2664 καί
823 2596 873 2683 μή
896 2596 1062 2665 παύσαιτο
1093 2601 1114 2638 ⁴*
1143 2600 1281 2682 φθονῶν
1298 2619 1349 2674 aaa
1383 2604 1386 2608 ’

247 2710 316 2772 τοῖς
339 2697 493 2785 άρίοτοις.
519 2700 581 2766 ἀλλ’
602 2700 696 2788 ὑμεῖς
713 2705 778 2787 μὲν
797 2700 893 2768 ἄπιτε
916 2701 1030 2790 ἀγαθῇ
1050 2697 1141 2790 τάχη,
1168 2698 1280 2786 αὔριον

248 2801 284 2868 δὲ
303 2798 363 2877 τδς
383 2801 501 2879 λοιπάς
523 2802 711 2892 δικάσομεν.

663 2926 869 2944 m

247 2970 455 2982 -——-.—......

318 3014 360 3065 35.
398 3009 485 3082 ὁγὰρ
510 3009 593 3071 αὐτὸς
610 3012 722 3083 ἐκεῖνος]
746 3019 815 3069 haec
833 3020 868 3070 nd
885 3019 1029 3084 superiora
1047 3034 1071 3069 e.
1091 3015 1123 3069 32
1141 3017 1186 3067 fin.
1213 3017 1281 3067 σείε-

248 3101 332 3151 ronda
359 3106 429 3153 sunt.
473 3119 542 3169 quae
575 3105 757 3156 consideranti
784 3106 827 3157 hic
856 3106 980 3171 dialogus
1007 3105 1092 3155 videri
1119 3107 1209 3169 potest
1234 3103 1282 3153 ad·

249 3202 343 3237 versus
370 3189 503 3239 rhetorem
531 3190 663 3254 quendam
691 3193 831 3259 aequalem
859 3196 975 3259 scriptus
1003 3208 1076 3253 osse,
1102 3192 1147 3256 qui
1176 3195 1203 3240 et
1228 3190 1282 3238 Ln-

250 3274 345 3324 cianeo
372 3275 481 3341 dialogo
500 3276 669 3327 Platonicum
696 3278 776 3342 longe
803 3279 976 3343 praetulisset
998 3284 1025 3328 et
1051 3277 1202 3327 rhetoricae
1227 3281 1282 3325 stu-

252 3359 324 3409 dium
348 3360 469 3411 Lucieno
497 3360 684 3425 deponendum
711 3364 793 3413 tuisse
820 3371 956 3429 negasset.
1033 3357 1115 3413 ἐστιν.
1143 3356 1239 3427 ἀμέλει
1262 3362 1284 3412 d

252 3444 300 3505 (ita
318 3444 362 3509 A).
399 3441 465 3498 ε’στι.
486 3440 582 3512 ἀμέλει
599 3465 624 3497 v.
697 3450 758 3500 libri
776 3445 869 3513 τοῦτο,
889 3467 937 3516 pro
957 3467 1009 3517 quo
1027 3443 1116 3513 τούτῳ
1136 3450 1239 3500 correxi
1257 3450 1284 3498 in

253 3533 374 3594 Quaestt.
394 3550 419 3598 p.
441 3533 489 3585 195
509 3540 536 3585 ct
553 3535 701 3585 aniannm
720 3537 758 3586 ita
775 3536 848 3601 loqui
867 3538 954 3588 solere
974 3538 1162 3588 demonstravi.
1198 3537 1285 3601 possis

252 3626 341 3669 tamen
360 3620 467 3671 Servate
486 3621 532 3673 illo
550 3618 633 3671 τοῦτο
643 3624 734 3687 potius
752 3615 808 3671 ἕστλ
827 3625 854 3673 in
870 3620 941 3688 ἔχειν
953 3632 1069 3674 mutare:
1089 3615 1185 3687 άμίλει
1201 3617 1284 3671 τοῦτο

207 3701 211 3707 ’
254 3702 320 3760 ἔθυε
338 3701 401 3770 ἔχει,
430 3708 529 3759 collato
548 3709 703 3759 Platonico:
731 3703 799 3761 ἔθος
821 3704 874 3775 γάρ
897 3727 925 3759 τι
942 3703 1014 3760 τοῦτ’
1041 3705 1110 3773 ἔχει,
1134 3710 1167 3759 de
1187 3724 1239 3773 quo
1257 3710 1284 3757 in

254 3793 377 3854 Qtntestt.
396 3794 428 3859 'p.
450 3794 480 3845 tt
507 3794 585 3859 plura
610 3795 672 3844 dixi.
748 3789 828 3861 πᾶσι]
846 3796 907 3846 libri
926 3812 1032 3847 omncs:
1059 3798 1105 3844 καὶ
1122 3790 1200 3844 πᾶσι.
1238 3794 1285 3844 sad

253 3882 322 3929 istuc.
340 3882 386 3929 nol
405 3880 500 3931 delevi.
571 3876 623 3947 τὴν
639 3879 848 3946 τετρυπημένην
871 3899 913 3932 om
935 3883 959 3930 ¹1¹
980 3882 1063 3933 solus.
1101 3882 1182 3933 habet
1206 3882 1286 3932 etiam

254 3965 408 4017 scholiasta.
478 3962 549 4017 σ’ίτοι
568 3967 732 4019 Diodorfius.
771 3961 856 4021 οῖίτοιε
877 3969 934 4019 ΑΨ.
973 3956 1053 4023 οὗτος
1075 3967 1155 4018 ΩΦΜ
1180 3973 1241 4019 etv
1260 3973 1287 4018 ct

255 4052 407 4104 scholiasta.
480 4055 576 4121 odem
594 4057 624 4106 Λ.
663 4053 744 4120 φίρει
766 4054 871 4105 woh
889 4063 951 4106 etv
969 4056 1167 4107 etecholiasta.
1240 4057 1287 4103 καί

254 4134 292 4203 μὴ
311 4138 392 4190 ΩΦΜ
412 4146 438 4190 et
455 4158 481 4192 v.
516 4137 554 4205 μὴ
579 4143 664 4205 ΑΨΤ,
689 4144 769 4193 malo·
840 4136 978 4191 παύσαιτο
1001 4142 1081 4192 ΩΦΜ
1106 4148 1133 4193 ot
1155 4159 1181 4194 v.
1216 4136 1286 4191 παί-

255 4241 318 4275 οαιο
342 4227 373 4277 Ψ.
409 4222 531 4277 παύσαιο
549 4222 650 4277 τούτου
661 4229 716 4279 AT.
753 4229 886 4292 scriptura
902 4224 1024 4279 παύσαιο
1036 4231 1156 4281 fortassis
1175 4246 1189 4278 e
1208 4228 1286 4278 seho-

255 4312 291 4362 lio
311 4312 449 4378 deperdito
468 4315 512 4365 hio
530 4316 667 4377 remansit,
692 4315 720 4362 in
740 4330 792 4378 quo
811 4313 909 4365 allatus
927 4316 1008 4365 fuerit
1024 4316 1209 4381 Aristophanis
1227 4330 1286 4364 rcr-

255 4414 301 4449 sus
319 4401 346 4450 in
365 4401 436 4451 Pace
455 4400 503 4451 31:
522 4393 623 4468 ἔρειδε,
643 4395 681 4465 μὴ
701 4393 822 4449 παύσαιο
840 4393 974 4465 μηδέποτ’
994 4394 1106 4451 ἐσθίων.

629 4499 935 4518 *-
