3046 5166
272 382 348 436 XLII
663 378 934 436 suessanum

271 554 408 620 graecae
429 534 610 616 latinaeque
632 539 759 599 saturae
781 532 960 599 vicinitates
983 541 1015 599 et
1036 532 1183 599 oonlnia.
1219 534 1314 601 Prae

272 662 361 721 terea
379 653 500 738 judico,
522 660 559 719 ut
574 653 687 718 Horati
708 659 836 721 saturae
858 672 1019 720 sermones
1041 652 1223 720 dicerentur
1241 633 1328 720 uio?

272 774 389 860 nei‚id
412 775 596 841 etiamtum
625 773 759 839 aliomm
790 774 943 839 conviciis
969 773 1116 840 effectum
1143 793 1229 858 csse,
1258 775 1314 857 qui

272 895 361 961 illurn
382 894 537 960 rodebant
557 894 705 960 libertino
726 902 817 980 patre
835 901 954 980 natum,
975 902 1043 959 tum
1061 894 1182 980 pietate
1191 894 1314 980 Horab,

273 1037 366 1100 quern
388 1015 489 1100 patris
510 1016 559 1081 sui
581 1015 710 1080 minime
731 1015 925 1101 paenitebat.
957 1014 1084 1080 Etenim
1105 1014 1188 1080 Bion
1209 1014 1314 1087 liberti

271 1137 292 1201 l.
315 1156 422 1202 eoram
443 1135 701 1221 Antigonorege
723 1155 775 1222 ap.
799 1135 977 1221 Diogenem
998 1136 1054 1220 IV,
1078 1137 1106 1220 7,
1129 1137 1172 1201 46
1193 1135 1248 1201 ita
1267 1137 1314 1202 lo

253 1252 364 1331 ,tutus
390 1256 503 1321 femur:
538 1256 615 1340 ἐμοὶ
645 1253 663 1320 ὁ
691 1252 801 1340 πατὴρ
831 1260 896 1339 μὲν
924 1250 969 1338 ἦν
998 1253 1236 1340 ἀπελεύθερος,
1267 1263 1312 1343 τῷ

273 1375 391 1464 ἀγκῶνι
412 1372 714 1460 ἀπομυσσόμενος·
748 1383 896 1460 recteque
922 1375 1013 1441 addit
1041 1375 1112 1461 ipse
1132 1376 1312 1462 Diogenes:

273 1494 423 1580 διεδήλου
445 1494 481 1561 cil
501 1493 561 1561 τὸν
582 1496 833 1583 ταριχέμποροι.
866 1497 936 1564 Hoc
951 1496 1072 1563 dietum
1088 1517 1186 1580 quum
1202 1497 1314 1563 Horati

272 1616 534 1684 obtrectatoribus
560 1623 670 1684 notum
700 1625 791 1703 esset,
822 1618 876 1703 qui
905 1617 1049 1684 homines
1078 1626 1112 1684 et
1139 1617 1313 1685 studiorum

271 1738 407 1804 vinculis
428 1745 460 1804 et
481 1736 626 1804 sordibus
647 1739 803 1805 natalium
819 1739 914 1805 Bioni
931 1738 1098 1804 Horatium
1119 1738 1313 1805 simillimum

272 1878 343 1926 esse
375 1858 538 1945 vidissent,
571 1880 635 1926 non
670 1860 740 1926 sine
766 1860 933 1926 mendacio
962 1860 1008 1926 ita
1032 1858 1133 1943 jocati
1163 1866 1244 1943 sunt,
1277 1866 1312 1924 ut

136 1995 141 1998 ’
271 1980 384 2046 Horati
411 1985 550 2065 patrem,
578 1980 632 2063 qui
654 2000 730 2046 vere
751 1982 899 2068 ,coactor‘
922 1988 999 2065 erat
1032 1980 1125 2063 qusai
1148 1979 1182 2044 in
1204 1978 1313 2045 Bionis

271 2106 394 2187 patrem
423 2100 691 2187 transformarent,
721 2102 750 2168 h.
778 2122 804 2168 e.
827 2100 866 2167 'in
895 2101 1180 2169 salsamentarium.
1231 2099 1313 2166 Vide

270 2222 348 2287 mihi
370 2221 554 2288 Suetonium
575 2222 609 2287 in
628 2222 701 2287 Vita
721 2222 834 2288 Horati
855 2222 963 2288 initio:
987 2221 1147 2308 ‚Horatius
1166 2221 1311 2306 Flaccus,

270 2342 451 2409 Venusinus
471 2349 563 2428 patre
589 2350 625 2408 ut
644 2343 715 2429 ipse
731 2343 819 2428 (scil.
841 2343 875 2408 iu
897 2343 1039 2409 Sermon.
1062 2343 1088 2427 Ι,
1112 2342 1221 2426 6,’86)
1252 2348 1313 2408 tra-

271 2462 327 2548 dit,
348 2463 496 2528 libertino
519 2470 551 2529 et
571 2463 772 2529 exactionum
794 2470 957 2530 coactore:
986 2471 1030 2529 ιιι
1058 2482 1156 2529 vere
1183 2462 1313 2529 oredi-

272 2591 351 2649 tum
373 2592 448 2669 est,
478 2585 817 2650 salsamentario:
847 2604 965 2669 quum
990 2584 1056 2649 illi
1085 2582 1253 2666 quidam
1273 2583 1312 2648 iu

270 2705 551 2772 altercatione
574 2704 884 2791 exprobrasset:
907 2705 1115 2791 ‚quotiens
1138 2724 1208 2789 ego
1231 2702 1313 2770 vidi

270 2834 427 2913 patrem
460 2832 568 2890 tuum
601 2826 738 2892 cubito
772 2826 1093 2910 emungentem?‘
1154 2824 1245 2891 Adeo
1276 2824 1310 2889 hi

270 2947 334 3014 duo
362 2947 425 3012 loci
446 2945 576 3013 Suetoni
605 2953 638 3012 et
658 2946 811 3032 Diogenis
840 2947 1031 3014 verbotenus
1060 2945 1254 3012 conveniunt
1272 2946 1311 3028 ²⁸).

271 3068 354 3143 Tum
375 3067 528 3153 Lucilius,
553 3068 608 3152 qui
637 3067 821 3147 comoediae
843 3068 961 3134 veteris
988 3074 1101 3153 poetas
1131 3073 1217 3132 certo
1244 3066 1312 3132 imi-
1347 3066 1353 3073 “

269 3194 355 3253 tatus
377 3194 433 3273 est,
455 3189 537 3254 alios
551 3196 718 3274 praeterea
731 3194 844 3274 poetas
860 3188 950 3272 sequi
969 3189 1081 3274 potuit,
1104 3186 1311 3273 philosophos

258 3315 376 3376 ‘autem
398 3286 489 3390 sequi
510 3308 565 3374 vix
586 3310 698 3394 potuit
735 3308 832 3393 Atqui
853 3309 887 3373 in
904 3309 1166 3395 philosophorum
1182 3292 1312 3374 numero

270 3429 368 3497 fuisse
389 3428 522 3494 Bionem
543 3430 625 3495 inter
646 3450 755 3497 omnes
778 3430 909 3499 constat.
934 3432 1002 3498 Nec
1023 3448 1075 3496 me
1095 3428 1175 3495 illud
1197 3436 1311 3515 mouet,

270 3551 356 3637 quod
377 3554 427 3635 (ut
447 3551 493 3616 ait
516 3550 626 3617 Cicero
644 3551 746 3618 scau.
764 3553 816 3618 Pr.
834 3553 875 3638 ll,
898 3554 941 3617 32
964 3553 1073 3634 §102)
1097 3549 1311 3616 Clitomachus

269 3673 478 3761 philosophus
510 3673 624 3739 librum
653 3673 824 3758 scripserat
855 3673 897 3739 ad
925 3673 960 3738 0.
983 3672 1141 3738 Lucilium
1172 3678 1312 3757 poetam,

273 3806 481 3817 ——--—-—-

337 3867 364 3934 *ι
399 3868 431 3922 Ιιι
458 3869 568 3938 gemino
594 3868 656 3923 loco
681 3869 779 3922 auctor
804 3864 975 3933 (Cornificius
1001 3882 1039 3919 an
1066 3865 1128 3934 quis
1154 3861 1236 3926 alius)
1268 3864 1311 3918 Ad

270 3952 440 4008 Herennium
465 3953 513 4020 IV,
540 3956 574 4008 54
600 3953 810 4024 significationis
833 3969 884 4023 per
907 3952 1132 4021 consequentiam
1154 3951 1207 4006 hoc
1232 3949 1313 4007 finxit

269 4040 439 4109 exemplum:
466 4044 509 4106 ,ut
533 4042 557 4094 si
581 4039 784 4096 salsamentarii
810 4040 869 4095 fllio
895 4039 984 4095 dicas:
1012 4038 1138 4108 „quiesce
1162 4040 1204 4103 tu,
1230 4037 1312 4107 eujus

269 4128 351 4195 pater
368 4127 462 4183 cubito
480 4144 629 4196 emungere
646 4124 779 4184 solebat.“
814 4126 867 4193 Qui
888 4128 1008 4196 scriptor
1030 4127 1054 4181 si
1077 4129 1143 4180 ante
1160 4125 1311 4179 Horatium

270 4216 349 4281 vixit,
367 4214 471 4283 poterit
488 4217 539 4268 aut
547 4213 642 4268 Bionis
656 4214 751 4283 jocum
769 4214 850 4268 illum
867 4204 1028 4269 reeordatus
1042 4228 1099 4267 esse
1111 4206 1244 4267 antidem
1254 4210 1312 4265 iera

270 4303 376 4358 dictum
394 4301 428 4356 de
445 4300 605 4357 hominibus
621 4301 683 4358 loeo
693 4303 767 4358 natis
776 4303 892 4358 obscuro
900 4300 932 4356 in
940 4299 1083 4356 comoedia
1095 4315 1196 4371 graeca
1204 4299 1312 4369 legisse.
